3284 5174
721 330 923 400 ...18-m

45 544 48 551 “
152 524 327 599 scholiasta
348 530 436 610 dicit,
463 525 583 591 ἐδίωκεν
607 526 696 599 atzar
720 527 803 615 ξίφει,
817 532 857 596 ob
879 547 1010 613 eamque
1022 549 1089 622 rem
1111 550 1220 615 gerere
1232 531 1418 618 παντευχίαν,
1441 537 1485 604 sio
1566 508 1586 591 ⁸.

156 639 240 703 enim
263 639 400 720 tragicus
422 639 518 720 poeta
541 637 644 704 verbis
666 639 699 702 in
721 639 824 703 maius
847 636 971 702 extollit
994 637 1136 705 oviculae
1160 640 1299 722 cristam,
1323 643 1401 706 sicut
1433 662 1485 708 οο-
1592 622 1604 663 ³

155 744 253 810 nucus
276 763 337 809 uno
361 740 443 828 λόφῳ
466 762 530 809 non
553 747 718 811 contentus
740 745 800 810 Αν.
827 765 857 810 ιι.
885 747 927 809 94
951 742 1102 829 τριλοφίαν
1137 746 1224 828 dicit;
1252 746 1382 813 Ovidius
1404 748 1481 813 Met.

96 858 97 863 ’
154 851 176 916 l.
203 853 247 916 VI
270 871 301 916 v.
329 852 393 915 674
417 850 456 916 de
479 851 559 917 facie
582 855 707 918 armata
728 852 876 935 loquitur.
901 853 979 916 Tum
1013 853 1197 919 crudelitate
1233 872 1354 937 quoque
1388 855 1486 920 Tereo

155 978 218 1024 non
241 976 309 1024 esse
332 958 515 1024 inferiorem⁴
532 952 677 1043 upupam
692 958 780 1039 dicit,
807 959 889 1042 quod
913 961 991 1026 hoec
1014 979 1087 1025 vere
1110 962 1219 1026 surrilis
1241 964 1283 1027 sit
1315 959 1412 1045 κίρκοο
1432 962 1486 1057 λε-

58 1062 64 1121 ζ
154 1061 276 1149 πόιργοο,
301 1068 467 1148 accipitris,
492 1084 583 1149 quem
608 1073 743 1149 σμικρῇσι
766 1063 854 1150 φόνον
878 1063 977 1150 φέρειν
1001 1064 1160 1150 ὀρνίθεσσιν
1191 1069 1345 1135 Homerus
1379 1071 1488 1134 auctor

119 1231 123 1245 ,
155 1175 204 1237 est
218 1171 253 1237 ll.
270 1172 293 1236 l.
311 1172 401 1236 XVII
417 1193 448 1237 v.
469 1174 544 1237 757.
578 1173 724 1238 Formam
748 1176 854 1239 autem
876 1190 1057 1256 pennasque
1080 1192 1149 1238 cum
1172 1193 1278 1258 upupa
1291 1175 1404 1239 dicitur
1419 1194 1487 1239 mu-

154 1262 235 1360 tare,
258 1279 291 1343 id
315 1280 398 1362 quod
420 1299 483 1345 non
507 1278 575 1345 fieri
597 1283 630 1344 in
652 1284 768 1346 natura
790 1299 893 1346 rerum
915 1283 1107 1364 compertum
1122 1284 1182 1360 est,
1201 1282 1280 1346 haec
1295 1281 1400 1346 fabula
1413 1281 1488 1346 inde

78 1414 79 1419 ¹
154 1388 256 1469 potuit
281 1388 367 1466 oriri,
394 1387 476 1470 quod
500 1387 600 1471 pullos
623 1407 747 1472 upupae
770 1389 859 1453 initio
883 1389 1019 1471 speciem
1043 1386 1201 1470 quandam
1224 1386 1402 1452 adultorum
1429 1391 1488 1452 mi-

154 1494 237 1556 nime
260 1492 386 1573 referre,
412 1493 468 1558 sed
492 1496 579 1559 canis
601 1494 715 1577 plumis
738 1496 846 1559 vestiri
869 1494 991 1577 physici
1014 1492 1133 1573 dicunt,
1164 1494 1243 1558 sicut
1273 1492 1374 1576 pullos
1407 1495 1489 1557 acei-

153 1602 281 1682 pitrum.
308 1601 411 1684 Atque
434 1601 505 1666 illas
529 1601 654 1684 quidem
679 1599 729 1662 δόο
753 1600 868 1686 μορφὰς
891 1605 987 1685 poeta
1016 1602 1116 1681 novit3
1153 1600 1259 1665 fabula
1290 1603 1398 1665 autem
1413 1643 1415 1649 ·
1431 1600 1489 1665 illo

153 1708 262 1787 utitur,
289 1726 359 1771 cum
383 1706 597 1774 demonstrare
621 1708 708 1789 velit,
734 1710 794 1774 hac
818 1726 939 1792 quoque
962 1711 994 1772 in
1022 1727 1056 1772 re
1079 1726 1216 1791 upupam
1250 1725 1318 1773 esse
1353 1707 1490 1772 similem

153 1815 253 1897 Terei,
279 1817 331 1897 qui
354 1834 415 1897 qua
439 1819 508 1880 erat
530 1817 745 1881 inconstantia
768 1818 863 1898 atque
886 1816 1063 1901 mobilitate
1087 1817 1197 1895 amnti,
1222 1813 1316 1880 iidem
1339 1834 1402 1880 non
1421 1835 1488 1881 ser-

154 1923 241 1984 vavit
272 1923 372 2004 uxori,
405 1921 461 1987 sed
493 1917 527 1986 in
561 1941 701 1989 amorem
734 1925 850 1989 sororis
883 1925 949 1989 eius
973 1923 1085 1993 effusus
1108 1927 1168 1988 est.
1196 1922 1275 1989 Odio
1300 1924 1432 2006 denique
1455 1927 1488 1988 in

153 2031 318 2111 utramque
341 2047 462 2094 summo
485 2033 639 2095 exarsisse
661 2029 785 2111 elicitum
804 2030 882 2096 duos
897 2032 981 2095 enim
997 2030 1123 2095 ultimos
1137 2048 1244 2095 uersus
1274 2029 1487 2113 explanandos

152 2154 220 2200 esse
255 2137 400 2200 existimo
432 2138 493 2217 his,
520 2156 599 2221 quae
628 2137 724 2203 refert
762 2137 911 2203 Aelianus
943 2138 990 2202 De
1020 2138 1095 2202 Nat.
1121 2138 1182 2202 An.
1208 2138 1231 2203 l.
1257 2137 1301 2202 Ill
1324 2156 1352 2202 c.
1380 2140 1432 2203 26:
1459 2134 1485 2197 οἱ

154 2232 262 2312 ἕποπές
286 2239 356 2304 εἰσιν
380 2240 502 2328 ὀρνίθων
526 2240 722 2327 ἀπηνέοτοιτοι
745 2242 795 2313 καί
818 2267 867 2326 μοι
891 2244 1006 2305 δοκοῦσι
1028 2250 1085 2305 τῶν
1108 2240 1255 2327 προτέρων
1287 2250 1344 2306 τῶν
1372 2240 1482 2324 ἀνθρω-

151 2356 242 2412 πικῶν
267 2347 299 2412 ἐν
322 2348 427 2435 μνήμῃ
451 2351 498 2413 καὶ
522 2349 622 2434 μέντοι
645 2352 692 2414 καὶ
716 2351 794 2434 μίσει
817 2358 867 2414 ποῶ
892 2348 994 2434 γένους
1017 2358 1067 2413 τοῦ
1091 2357 1147 2412 τῶν
1182 2357 1324 2435 γυναικῶν
1356 2342 1481 2410 ὑποπλέ-

154 2480 214 2520 κειν
247 2457 299 2528 τὰς
331 2458 437 2528 καλιὰς
470 2455 502 2521 ἐν
534 2465 601 2529 ταῖς
626 2456 745 2543 ἐρήμοις
769 2459 903 2528 καὶτοῖς
927 2457 1029 2541 πάγοις
1052 2464 1116 2528 τοῖς
1139 2451 1276 2544 ὕψηλοῖς.
1303 2458 1378 2524 Cum
1400 2456 1484 2521 euim

152 2566 264 2631 ultima
288 2566 411 2631 Aeliani
435 2568 532 2631 verba
554 2569 621 2632 tam
643 2585 740 2650 prope
764 2566 918 2633 accedant
940 2567 981 2632 ad
1005 2566 1093 2632 illurn
1114 2568 1269 2649 tragicum
1291 2568 1426 2649 poetam,
1449 2563 1485 2625 ut

43 2662 48 2673 ⁸
154 2676 205 2738 vix
228 2676 269 2738 sit
292 2674 375 2757 quod
398 2691 508 2756 neges,
533 2673 620 2738 illum
655 2674 793 2739 eiusdem
827 2672 920 2739 inisse
943 2691 1123 2754 memorem,
1148 2672 1224 2755 μίσει
1247 2672 1337 2734 τῶνδε
1360 2687 1485 2753 quoque

153 2781 234 2847 hunc
256 2783 288 2845 in
311 2781 438 2846 modum
461 2780 693 2864 explanandum
717 2781 848 2857 ridetur,
873 2784 908 2844 ut
930 2781 1022 2842 τῶνδε
1045 2779 1197 2846 referetur
1220 2779 1261 2845 ad
1283 2778 1424 2843 Procnen
1453 2779 1485 2841 et

152 2888 369 2968 Philomelam,
396 2907 477 2971 quae
500 2891 532 2952 in
555 2906 650 2954 scena
673 2888 784 2954 adesse
807 2888 967 2972 putandae
997 2890 1081 2968 sunt,
1106 2888 1292 2971 praesertim
1326 2884 1405 2950 cum'
1425 2884 1484 2946 mi·

152 2997 237 3061 nime
260 2997 302 3061 sit
325 2998 392 3060 veri
423 2995 537 3075 simile,
561 2997 700 3079 potuisse
729 3000 856 3079 poetam
880 2995 982 3060 dicere
1005 2995 1096 3056 τῶνδε
1120 2995 1176 3056 ἄπο
1199 2997 1221 3059 i.
1248 3013 1277 3060 e.
1300 2991 1414 3077 ‘procul
1436 2990 1508 3053 his-

151 3102 251 3170 locis’.
277 3104 385 3186 Neque
408 3104 508 3185 magis
536 3105 602 3168 veri
624 3101 725 3167 simile
748 3105 797 3168 est
821 3120 891 3167 eum
912 3102 1028 3168 dixisse
1045 3103 1137 3163 ἄλλον
1152 3098 1192 3171 εἰς
1207 3098 1295 3163 τότον
1308 3101 1376 3167 sine
1390 3099 1484 3162 verbo

153 3211 301 3291 abeundi3
328 3207 456 3271 ἀτονκιεῖ
478 3213 561 3275 enim
584 3213 633 3275 est
658 3209 802 3276 incolet.
829 3210 907 3275 Cum
930 3214 1038 3276 autem
1060 3212 1092 3274 in
1115 3210 1201 3275 libris
1234 3226 1330 3274 mann
1364 3207 1487 3289 scriptis

153 3322 195 3384 sit
220 3316 369 3398 ἀπάλλου,
396 3314 557 3395 ἀσπὰλλον,
583 3313 716 3394 ἁπαλῶν,
741 3317 925 3383 crediderim
948 3317 1114 3400 legendum
1137 3335 1205 3382 esse

475 3476 520 3541 ἀεὶ
545 3477 577 3540 δὲ
601 3476 678 3561 μίσει
701 3478 785 3540 τῶνδ’
809 3474 1003 3540 ἐπαλλάοοοιν
1027 3474 1124 3555 τόπον,
1202 3483 1204 3488 ’

155 3643 179 3706 i.
206 3660 235 3705 e.
263 3640 335 3707 odio
359 3639 469 3706 harum
491 3642 617 3704 mutans
639 3639 741 3705 locum
765 3642 912 3721 querceta
935 3658 961 3704 S.
989 3639 1083 3704 silvas
1106 3639 1289 3720 montesque
1311 3633 1440 3701 incolet.

224 3759 401 3823 Memorato
426 3756 564 3839 dignum,
581 3755 733 3822 Acirillem
756 3773 877 3839 quoque
901 3756 1026 3821 Tatirnn
1048 3755 1071 3820 l.
1097 3756 1124 3819 V
1148 3774 1176 3820 c.
1205 3757 1222 3818 5
1246 3775 1279 3839 p.
1307 3755 1335 3817 9·
1351 3751 1390 3818 de
1413 3748 1484 3815 odio

101 3880 104 3887 ’
156 3866 247 3930 Terei
270 3866 365 3948 loqui.
392 3866 428 3930 ln
450 3864 505 3930 illa
528 3867 611 3929 enim
634 3865 743 3930 tabula
777 3866 874 3948 picta,
900 3866 932 3928 in
965 3883 1027 3946 qua
1062 3859 1160 3945 ἀηδὼν
1196 3861 1245 3923 καὶ
1276 3858 1402 3945 χελιδὼν
1436 3851 1485 3916 καὶ

158 3971 243 4055 ἔποψ·
267 3969 373 4042 πάντες
398 3970 545 4056 ἄνθρωποι
569 3970 616 4033 καὶ
640 3968 747 4041 πάντες
769 3967 892 4054 ὄρνιθες,
916 3972 1044 4049 Tereus,
1068 3971 1180 4052 iuquit,
1204 3967 1343 4051 gladium
1360 3964 1488 4044 stringit

157 4082 189 4145 et
212 4081 244 4143 in
267 4080 399 4146 feminas
421 4082 561 4160 incurrit,
588 4077 622 4150 ἃς
646 4076 766 4163 δέχεται
789 4077 805 4141 ὁ
829 4074 898 4162 ἀήρ,
925 4079 1037 4162 quippe
1062 4096 1142 4161 quae
1165 4077 1224 4141 hoc
1246 4077 1315 4159 ipso
1338 4071 1489 4157 temporis

157 4191 317 4252 momento
349 4190 382 4251 in
403 4206 478 4252 aves
502 4190 741 4253 commutentur.
768 4186 855 4251 ldem
878 4183 914 4248 fit
936 4184 976 4250 de
999 4185 1109 4264 Tere03
1136 4185 1163 4247 is
1186 4183 1269 4247 enim
1294 4177 1398 4248 αόταῖτ
1422 4197 1486 4239 οον-

159 4289 306 4377 αναβοιίνει
330 4292 379 4355 καὶ
402 4293 477 4378 ὄρνις
500 4291 620 4376 γίνεται.
647 4295 738 4377 Fugit
760 4294 857 4375 igitur
878 4291 1019 4371 luscinia,
1045 4291 1240 4374 persequitur
1263 4306 1333 4354 eam
1361 4287 1486 4351 Tamus.

157 4400 217 4480 lta,
240 4401 351 4482 inquit,
377 4396 503 4483 ἐφύλαξε
527 4399 559 4462 τό
583 4407 668 4484 μῖσος
692 4400 741 4462 καὶ
763 4397 852 4484 μέχρι
875 4405 931 4460 τιῖιν
954 4405 1076 4481 πτερῶν,
1101 4415 1198 4481 usque
1231 4393 1326 4463 adid
1349 4397 1486 4474 tempuS,

158 4524 219 4588 quo
242 4507 274 4571 in
297 4524 434 4590 upupam
458 4510 667 4573 commutatus
691 4511 750 4572 est.
777 4507 933 4573 immitem
945 4507 1029 4572 enim
1052 4510 1085 4571 et
1096 4507 1243 4571 acerbum
1274 4520 1343 4569 esse
1370 4502 1406 4564 ut
1428 4490 1489 4562 'le-

157 4615 215 4693 rei,
241 4615 288 4678 ite
311 4633 434 4698 upupae
458 4616 595 4680 animum
620 4618 742 4680 veteres
766 4616 985 4699 opinabantur,
1011 4632 1080 4679 cnm
1103 4615 1134 4677 in
1160 4613 1228 4677 loca
1256 4611 1382 4674 deserta
1417 4593 1488 4673 earn
