3284 5174
690 324 745 374 ...·
773 327 810 391 11
848 364 892 375 -

253 545 284 590 v.
312 526 353 588 39
382 523 420 594 ώς
444 524 507 586 ἴδεν
531 524 594 607 ὄψιν
619 520 772 607 ἀμείλιχον
795 519 947 606 ἠυγένειον

383 635 416 696 et
439 632 477 696 II.
504 631 625 696 XXIIII
649 650 679 696 v.
707 633 770 694 632
796 625 933 713 εἰσορόων
956 630 1020 714 ὄψιν
1042 631 1068 691 τ’
1092 625 1220 712 ἀγαθήν,

382 738 442 805 011.
469 738 531 803 1111
554 757 585 802 v.
612 739 676 801 456
701 732 818 802 λέιυν...
844 733 1005 820 ἠυγένειος,

254 867 284 911 v.
312 848 354 910 40
381 844 430 908 τόν
454 845 479 907 δ’
503 837 567 930 αἶψ’
591 841 774 928 Ἑρμείας...
801 841 832 914 ἐς
856 841 932 929 χέρα
955 842 1049 928 θῆκεν
1073 840 1228 926 δεξάμενος

381 956 414 1019 et
437 952 474 1017 Il.
499 952 522 1019 l.
548 952 592 1017 VI
616 972 646 1016 v.
673 953 737 1016 482
763 947 886 1034 ἀλόχοιο
910 949 999 1037 φίλης
1033 950 1064 1013 έν
1097 949 1196 1036 χερσίν
1232 948 1344 1032 έθηκεν
1377 946 1460 1010 παῖδ’

671 1054 732 1121 ἑόν·
752 1056 772 1141 ἣ
789 1059 814 1120 δ’
831 1059 887 1142 ἄρα
911 1080 960 1140 μιν
983 1055 1095 1141 κηώδεϊ
1119 1055 1220 1141 δέξατο
1244 1053 1354 1135 κόλπιμ,

255 1187 286 1231 v.
314 1168 354 1231 41
384 1173 490 1250 χαῖρεν
514 1164 547 1228 δέ
571 1160 628 1245 νόιρ
651 1160 789 1248 περιώσια

383 1272 499 1340 81011.
525 1272 548 1337 l.
574 1271 702 1336 VHIv.
730 1272 771 1334 78
805 1276 895 1355 χαῖρε
929 1265 997 1349 νόῳ,
1032 1270 1106 1335 XVI
1136 1290 1166 1334 v.
1203 1271 1266 1332 203
1300 1263 1463 1349 θαυμάζειν

1190 1371 1354 1460 περιώσιον,

256 1508 286 1552 V.
314 1490 355 1552 42
386 1484 477 1571 ῥίμφα
502 1488 527 1548 δ’
551 1483 582 1556 ἐς
606 1483 762 1548 ἀθανάτων
786 1484 873 1570 ἕδρας
896 1482 940 1546 κιέ

384 1598 418 1659 et
442 1593 502 1661 Od.
529 1595 550 1658 I.
577 1595 621 1659 VI
645 1615 675 1658 v.
703 1596 744 1658 42
770 1592 817 1655 ὅθι
841 1593 913 1677 ρασί
936 1590 1013 1655 θεῶν
1038 1591 1103 1662 ἕδος
1119 1589 1253 1675 ἀσφαλὲς
1268 1587 1313 1652 ἀεὶ
1328 1588 1463 1671 ἔμμεναι,

256 1724 286 1766 ν.
314 1705 355 1766 43
386 1696 523 1785 δέρμασιν
548 1699 579 1762 ἐν
603 1707 763 1764 πυκινοῖσιν
787 1696 940 1784 ὀρεσκῴοιο
964 1701 1081 1782 λαγωοῦ

256 1877 261 1887 ,
384 1813 417 1873 et
440 1806 501 1874 Od.
519 1808 541 1872 1.
559 1809 635 1873 IIv.
654 1810 716 1872 291
743 1803 881 1890 δέρμασιν
894 1804 927 1868 ἐν
942 1812 1098 1886 πυκινοῖσι,
1124 1805 1199 1870 VIII
1222 1824 1253 1870 v.
1282 1805 1344 1868 155
1376 1793 1464 1884 αἶγας

658 1952 659 1955 ¹
1178 1909 1353 1996 ὀρεσκῴους,

257 2042 287 2088 v.
314 2025 357 2087 44
385 2022 443 2105 πὰρ
467 2021 500 2084 δὲ
524 2022 597 2104 Ζηνὶ
620 2019 725 2092 κάθιζε
749 2021 796 2084 καί
820 2023 922 2092 ἄλλοις
947 2016 1133 2084 ἀθανάτοισιν

387 2135 419 2196 et
442 2130 479 2195 Il.
506 2130 528 2194 1..
554 2130 614 2195 IIII
638 2151 668 2198 v.
697 2131 712 2195 1
739 2127 765 2191 οἱ
789 2129 821 2191 δὲ
847 2129 912 2192 θεοί
934 2128 993 2212 πάρ
1016 2127 1089 2211 Ζηνί
1112 2124 1286 2210 καθήμενοι,
1311 2126 1341 2190 Π
1365 2145 1394 2190 v.
1421 2127 1463 2188 49

615 2236 686 2319 Ζηνί
711 2233 791 2320 ρόοις
814 2232 937 2320 ἐρέουσα
961 2236 1009 2297 καὶ
1033 2235 1134 2303 ἄλλοις
1160 2230 1357 2312 ἀθανάτοισιν,

259 2365 289 2409 v.
316 2348 357 2408 45
388 2344 481 2427 θυμὸν
505 2342 651 2428 ἔτερφθεν

271 2494 280 2505 ·
345 2504 351 2513 »
388 2454 421 2517 et
444 2453 481 2517 II.
507 2452 582 2516 XXI
607 2472 638 2516 v.
665 2452 706 2514 45
732 2449 825 2533 θυμὸν
850 2446 1001 2535 ἐτέρπετο,
1057 2529 1060 2535 .

259 2578 290 2623 v.
316 2562 358 2623 47
388 2559 476 2621 Πᾶνα
500 2555 533 2620 δέ
557 2581 605 2641 μιν
629 2553 790 2620 καλέεσκον

388 2667 480 2732 8111.
507 2666 529 2731 I.
555 2666 644 2732 VIIII
668 2687 698 2731 v.
726 2668 789 2731 562
814 2661 982 2748 Ἀλκυόνην
1006 2660 1179 2730 καλέεσκον.

198 2880 274 2945 Cum
298 2881 394 2962 igitur
417 2885 527 2947 auctor
550 2882 641 2946 huius
664 2881 773 2965 hymni
796 2898 851 2964 per
874 2882 976 2945 totum
1000 2897 1127 2945 eormeu
1153 2879 1283 2945 Homeri
1315 2881 1411 2945 verbe
1435 2881 1467 2943 iu

129 3004 219 3050 suum
242 3005 330 3053 usum
353 2991 529 3066 eonvertet,
555 2989 620 3052 iem
643 3006 705 3052 nou
730 2989 795 3052 veri
818 2986 933 3065 simile,
958 2987 1015 3052 sed
1038 2989 1158 3052 eertum
1181 2989 1242 3066 esi,
1269 2988 1395 3052 eumin
1421 2988 1467 3052 eis

129 3111 264 3176 queque,
290 3112 367 3176 quos
389 3095 482 3159 initio
498 3096 725 3178 exscripsimus
741 3095 880 3159 versibus
903 3112 966 3159 nou
987 3093 1134 3159 recedere
1146 3095 1187 3158 ab
1199 3094 1348 3159 Homero.
1365 3095 1467 3176 Atque
1598 3131 1600 3134 ⁴

129 3196 312 3284 παραδράμοι
336 3201 413 3266 dicit
435 3202 515 3267 siout
538 3202 588 3267 hic
611 3201 648 3266 Il.
675 3203 697 3266 I.
723 3202 829 3267 XXIII
853 3221 883 3266 v.
911 3203 974 3266 636
999 3196 1118 3262 πόδεσσι
1145 3197 1343 3284 παρέδραμον,
1381 3200 1467 3284 έαρος

129 3304 314 3378 πολυανθέος
338 3308 503 3377 81611101.
529 3309 553 3377 I.
579 3309 670 3375 XIIII
695 3329 725 3374 v.
753 3312 816 3374 353
841 3304 1025 3378 πολυανθέος
1060 3308 1161 3392 ώλης,
1184 3305 1216 3370 έν
1251 3305 1400 3371 πετάλοισι
1435 3312 1467 3373 ei

130 3411 197 3499 χέει
219 3416 336 3481 8101111.
356 3417 477 3482 XVIIII
502 3437 532 3481 v.
561 3419 621 3481 521
648 3419 681 3482 et
705 3420 780 3498 522,
804 3413 964 3499 μελίγηρυν
987 3412 1088 3498 ἀοιδὴν
1112 3416 1235 3481 8101111.
1259 3416 1320 3481 XII
1344 3437 1374 3480 ν.
1404 3417 1465 3479 187

37 3570 42 3577 .
130 3518 291 3605 μελίγηρυν
314 3523 381 3600 ὅπα,
405 3524 460 3589 sed
485 3520 700 3608 ἐπιπροχέουσα
723 3525 792 3607 quis
814 3525 974 3608 putaverit
1005 3542 1077 3589 eum
1109 3523 1234 3604 dixisse,
1268 3521 1351 3605 quod
1383 3521 1465 3604 opud

42 3686 46 3691 .
130 3628 302 3694 Homerum
316 3649 380 3695 nen
396 3632 461 3696 est?
478 3632 595 3696 Verum
618 3633 700 3698 enim
725 3650 799 3697 vero
822 3633 881 3697 hee
904 3650 973 3698 esse
996 3631 1143 3697 mendum
1166 3631 1298 3710 librarii,
1324 3630 1465 3713 proximo

130 3738 227 3801 verbo
250 3732 317 3820 χέει
338 3740 372 3802 iu
395 3757 532 3805 errorem
555 3738 687 3820 inducti,
714 3739 913 3806 menifestum
937 3743 998 3806 esi.

197 3843 307 3928 Itaque
330 3847 431 3911 minus
453 3847 617 3930 prebende
641 3846 787 3913 videntur
809 3866 890 3930 quae
912 3866 970 3930 pro
993 3843 1059 3932 χέει
1083 3849 1309 3931 proposuerunt
1324 3846 1467 3912 homines

132 3947 225 4029 doeti,
251 3953 287 4014 ut
310 3951 409 4033 Ilgeni
433 3949 530 4035 ἀχέει,
545 3954 584 4018 Α.
600 3952 735 4020 Gemelli
758 3950 858 4036 ἠχέει,
885 3955 1051 4019 Ruhnkeni
1067 3950 1163 4037 ἰαχεῖ,
1182 3952 1288 4020 Wolfii
1302 3949 1393 4037 ἰάχει,
1410 3953 1466 4019 sed

132 4056 165 4118 iu
187 4059 352 4141 participio
375 4058 539 4124 seribeude
564 4078 683 4127 errasse
706 4061 869 4126 librarium
892 4063 979 4126 retus
1002 4079 1142 4144 propone

639 4234 848 4323 ἐπιτροπέουσα
881 4235 957 4323 χέει,

130 4414 201 4461 eum
223 4399 319 4480 poeto
342 4399 472 4463 Homeri
497 4398 579 4482 θαμὰ
603 4407 744 4483 τρωπῶσα
767 4403 842 4467 onie
866 4401 971 4467 oeulos
998 4401 1144 4466 habuisse
1168 4399 1323 4466 videatur.
1351 4398 1467 4480 Quum-

130 4521 224 4585 quom
248 4506 331 4571 euim
355 4523 405 4570 me
428 4523 491 4570 uon
514 4506 604 4589 fugit,
630 4509 733 4573 verbis
757 4504 917 4592 ἐπιτροπέο
936 4511 968 4574 et
985 4503 1158 4590 ἐπιτρωπάω
1174 4506 1270 4573 olium
1286 4507 1399 4572 ueteris
1415 4506 1468 4570 ubi

12 4668 15 4673 .
130 4611 244 4693 legitur
273 4611 351 4678 loeis
373 4613 500 4679 subesse
524 4613 673 4695 vim-rde
695 4615 750 4679 illo
774 4615 947 4698 disputavit
970 4615 1096 4680 Lubeok
1120 4614 1160 4680 ud
1184 4616 1302 4699 Phryu.
1327 4633 1360 4697 p.
1388 4615 1464 4694 590,
