<?xml version="1.0" encoding="UTF-8"?>
<!DOCTYPE html PUBLIC "-//W3C//DTD XHTML 1.0 Transitional//EN"
    "http://www.w3.org/TR/xhtml1/DTD/xhtml1-transitional.dtd">
<html xmlns="http://www.w3.org/1999/xhtml" xml:lang="en" lang="en">
 <head>
  <title>
</title>
<meta http-equiv="Content-Type" content="text/html;charset=utf-8" />
  <meta name='ocr-system' content='tesseract 3.04.00' />
  <meta name='ocr-capabilities' content='ocr_page ocr_carea ocr_par ocr_line ocrx_word'/>
</head>
<body>
  <div class='ocr_page' id='page_1' title='image "./delusciniaquaee00schmgoog_0012.png"; bbox 0 0 3270 5176; ppageno 0'>
   <div class='ocr_carea' id='block_1_1' title="bbox 691 329 892 390">
    <p class='ocr_par' dir='ltr' id='par_1_1' title="bbox 691 329 892 390">
     <span class='ocr_line' id='line_1_1' title="bbox 691 329 892 390; baseline 0 -15"><span class='ocrx_word' id='word_1_1' title='bbox 691 329 892 390; x_wconf 64' lang='grc'><strong>...7,-</strong></span> 
     </span>
    </p>
   </div>
   <div class='ocr_carea' id='block_1_2' title="bbox 123 523 1459 1046">
    <p class='ocr_par' dir='ltr' id='par_1_2' title="bbox 123 523 1459 1046">
     <span class='ocr_line' id='line_1_2' title="bbox 124 523 1456 610; baseline -0.005 -16"><span class='ocrx_word' id='word_1_2' title='bbox 124 532 191 595; x_wconf 90' lang='lat' dir='ltr'><strong>riae</strong></span> <span class='ocrx_word' id='word_1_3' title='bbox 207 529 414 608; x_wconf 88' lang='lat' dir='ltr'><strong>demonstrat,</strong></span> <span class='ocrx_word' id='word_1_4' title='bbox 441 529 560 610; x_wconf 87' lang='lat' dir='ltr'><strong>quauta</strong></span> <span class='ocrx_word' id='word_1_5' title='bbox 582 543 652 592; x_wconf 89' lang='lat' dir='ltr'><strong>oum</strong></span> <span class='ocrx_word' id='word_1_6' title='bbox 675 524 885 591; x_wconf 71' lang='lat' dir='ltr'>admiratione</span> <span class='ocrx_word' id='word_1_7' title='bbox 908 527 1035 589; x_wconf 87' lang='lat' dir='ltr'><strong>eentum</strong></span> <span class='ocrx_word' id='word_1_8' title='bbox 1057 523 1208 589; x_wconf 79' lang='lat' dir='ltr'><strong>lusciniae</strong></span> <span class='ocrx_word' id='word_1_9' title='bbox 1232 524 1456 603; x_wconf 74' lang='lat' dir='ltr'><strong>observaverit,</strong></span> 
     </span>
     <span class='ocr_line' id='line_1_3' title="bbox 123 631 1458 718; baseline -0.004 -16"><span class='ocrx_word' id='word_1_10' title='bbox 123 637 242 702; x_wconf 92' lang='lat' dir='ltr'><strong>nullum</strong></span> <span class='ocrx_word' id='word_1_11' title='bbox 265 640 300 700; x_wconf 88' lang='lat' dir='ltr'><strong>ut</strong></span> <span class='ocrx_word' id='word_1_12' title='bbox 323 637 420 701; x_wconf 88' lang='lat' dir='ltr'><strong>sitin</strong></span> <span class='ocrx_word' id='word_1_13' title='bbox 444 635 644 718; x_wconf 74' lang='lat' dir='ltr'><strong>antiquitatis</strong></span> <span class='ocrx_word' id='word_1_14' title='bbox 666 633 781 699; x_wconf 88' lang='lat' dir='ltr'><strong>litteris</strong></span> <span class='ocrx_word' id='word_1_15' title='bbox 804 631 938 698; x_wconf 88' lang='lat' dir='ltr'><strong>alterum</strong></span> <span class='ocrx_word' id='word_1_16' title='bbox 961 631 1148 715; x_wconf 86' lang='lat' dir='ltr'><strong>exemplruu3</strong></span> <span class='ocrx_word' id='word_1_17' title='bbox 1174 649 1244 696; x_wconf 90' lang='lat' dir='ltr'><strong>eum</strong></span> <span class='ocrx_word' id='word_1_18' title='bbox 1274 633 1357 696; x_wconf 91' lang='lat' dir='ltr'><strong>enim</strong></span> <span class='ocrx_word' id='word_1_19' title='bbox 1389 632 1458 696; x_wconf 83' lang='lat' dir='ltr'><strong>Ari-</strong></span> 
     </span>
     <span class='ocr_line' id='line_1_4' title="bbox 123 739 1459 827; baseline -0.006 -15"><span class='ocrx_word' id='word_1_20' title='bbox 123 745 253 812; x_wconf 90' lang='lat' dir='ltr'><strong>stoteles</strong></span> <span class='ocrx_word' id='word_1_21' title='bbox 267 744 290 810; x_wconf 92' lang='lat' dir='ltr'><strong>l.</strong></span> <span class='ocrx_word' id='word_1_22' title='bbox 306 744 395 811; x_wconf 88' lang='lat' dir='ltr'>VIIII</span> <span class='ocrx_word' id='word_1_23' title='bbox 418 763 446 810; x_wconf 91' lang='grc' dir='ltr'><strong>ο.</strong></span> <span class='ocrx_word' id='word_1_24' title='bbox 473 744 515 807; x_wconf 90' lang='grc'><strong>49</strong></span> <span class='ocrx_word' id='word_1_25' title='bbox 538 763 571 827; x_wconf 88' lang='lat' dir='ltr'><strong>p.</strong></span> <span class='ocrx_word' id='word_1_26' title='bbox 599 744 661 806; x_wconf 87' lang='lat'><strong>255</strong></span> <span class='ocrx_word' id='word_1_27' title='bbox 685 742 763 806; x_wconf 86' lang='lat' dir='ltr'><strong>nihil</strong></span> <span class='ocrx_word' id='word_1_28' title='bbox 786 740 872 807; x_wconf 75' lang='lat' dir='ltr'><strong>diam</strong></span> <span class='ocrx_word' id='word_1_29' title='bbox 894 741 955 807; x_wconf 89' lang='lat' dir='ltr'><strong>nisi</strong></span> <span class='ocrx_word' id='word_1_30' title='bbox 977 742 1101 806; x_wconf 75' lang='lat' dir='ltr'><strong>aestate</strong></span> <span class='ocrx_word' id='word_1_31' title='bbox 1124 739 1287 806; x_wconf 79' lang='lat' dir='ltr'><strong>lusciniam</strong></span> <span class='ocrx_word' id='word_1_32' title='bbox 1308 741 1373 805; x_wconf 90' lang='lat' dir='ltr'><strong>iam</strong></span> <span class='ocrx_word' id='word_1_33' title='bbox 1396 758 1459 804; x_wconf 93' lang='lat' dir='ltr'><strong>non</strong></span> 
     </span>
     <span class='ocr_line' id='line_1_5' title="bbox 124 843 1459 933; baseline -0.007 -13"><span class='ocrx_word' id='word_1_34' title='bbox 124 852 378 920; x_wconf 66' lang='lat' dir='ltr'><strong>emittereillam</strong></span> <span class='ocrx_word' id='word_1_35' title='bbox 403 870 510 918; x_wconf 83' lang='lat' dir='ltr'><strong>vobem</strong></span> <span class='ocrx_word' id='word_1_36' title='bbox 532 845 720 932; x_wconf 82' lang='grc' dir='ltr'>παντοδαπὴν</span> <span class='ocrx_word' id='word_1_37' title='bbox 745 846 812 911; x_wconf 72' lang='grc' dir='ltr'><strong>οὐδὲ</strong></span> <span class='ocrx_word' id='word_1_38' title='bbox 836 854 979 933; x_wconf 81' lang='grc' dir='ltr'><strong>τραχεῖαν</strong></span> <span class='ocrx_word' id='word_1_39' title='bbox 1003 847 1052 910; x_wconf 86' lang='grc' dir='ltr'><strong>καὶ</strong></span> <span class='ocrx_word' id='word_1_40' title='bbox 1076 843 1247 932; x_wconf 82' lang='grc' dir='ltr'><strong>ἐπιστρεφῆ,</strong></span> <span class='ocrx_word' id='word_1_41' title='bbox 1263 846 1380 914; x_wconf 88' lang='lat' dir='ltr'><strong>Plinius</strong></span> <span class='ocrx_word' id='word_1_42' title='bbox 1395 850 1459 913; x_wconf 83' lang='lat' dir='ltr'><strong>sin-</strong></span> 
     </span>
     <span class='ocr_line' id='line_1_6' title="bbox 124 954 1459 1046; baseline -0.006 -18"><span class='ocrx_word' id='word_1_43' title='bbox 124 962 199 1046; x_wconf 84' lang='lat' dir='ltr'><strong>gula</strong></span> <span class='ocrx_word' id='word_1_44' title='bbox 229 962 426 1045; x_wconf 76' lang='lat' dir='ltr'><strong>persequitur</strong></span> <span class='ocrx_word' id='word_1_45' title='bbox 455 961 505 1025; x_wconf 94' lang='lat' dir='ltr'><strong>his</strong></span> <span class='ocrx_word' id='word_1_46' title='bbox 537 961 640 1025; x_wconf 88' lang='lat' dir='ltr'><strong>verbis</strong></span> <span class='ocrx_word' id='word_1_47' title='bbox 669 959 691 1023; x_wconf 95' lang='grc'><strong>1.</strong></span> <span class='ocrx_word' id='word_1_48' title='bbox 727 959 807 1023; x_wconf 87' lang='lat' dir='ltr'><strong>Xe.</strong></span> <span class='ocrx_word' id='word_1_49' title='bbox 835 959 876 1021; x_wconf 87' lang='grc'><strong>29</strong></span> <span class='ocrx_word' id='word_1_50' title='bbox 899 976 932 1040; x_wconf 90' lang='lat' dir='ltr'><strong>p.</strong></span> <span class='ocrx_word' id='word_1_51' title='bbox 959 958 999 1021; x_wconf 89' lang='lat'><strong>81</strong></span> <span class='ocrx_word' id='word_1_52' title='bbox 1026 954 1069 1021; x_wconf 82' lang='lat' dir='ltr'><strong>‘in</strong></span> <span class='ocrx_word' id='word_1_53' title='bbox 1093 975 1157 1022; x_wconf 93' lang='lat' dir='ltr'><strong>una</strong></span> <span class='ocrx_word' id='word_1_54' title='bbox 1179 956 1317 1039; x_wconf 88' lang='lat' dir='ltr'><strong>perfeeta</strong></span> <span class='ocrx_word' id='word_1_55' title='bbox 1339 958 1459 1022; x_wconf 88' lang='lat' dir='ltr'><strong>musiea</strong></span> 
     </span>
    </p>
   </div>
   <div class='ocr_carea' id='block_1_3' title="bbox 124 1063 1548 1147">
    <p class='ocr_par' dir='ltr' id='par_1_3' title="bbox 124 1063 1548 1147">
     <span class='ocr_line' id='line_1_7' title="bbox 124 1063 1548 1147; baseline -0.005 -13"><span class='ocrx_word' id='word_1_56' title='bbox 124 1069 258 1134; x_wconf 88' lang='lat' dir='ltr'><strong>seientia</strong></span> <span class='ocrx_word' id='word_1_57' title='bbox 279 1066 458 1133; x_wconf 92' lang='lat' dir='ltr'><strong>modulatus</strong></span> <span class='ocrx_word' id='word_1_58' title='bbox 481 1067 583 1132; x_wconf 89' lang='lat' dir='ltr'><strong>editur</strong></span> <span class='ocrx_word' id='word_1_59' title='bbox 605 1084 709 1147; x_wconf 91' lang='lat' dir='ltr'><strong>sonus,</strong></span> <span class='ocrx_word' id='word_1_60' title='bbox 733 1069 766 1130; x_wconf 90' lang='lat' dir='ltr'><strong>et</strong></span> <span class='ocrx_word' id='word_1_61' title='bbox 787 1083 870 1129; x_wconf 92' lang='lat' dir='ltr'><strong>nune</strong></span> <span class='ocrx_word' id='word_1_62' title='bbox 892 1065 1040 1130; x_wconf 88' lang='lat' dir='ltr'><strong>eontinuo</strong></span> <span class='ocrx_word' id='word_1_63' title='bbox 1063 1065 1176 1147; x_wconf 88' lang='lat' dir='ltr'><strong>spiritu</strong></span> <span class='ocrx_word' id='word_1_64' title='bbox 1191 1065 1327 1129; x_wconf 91' lang='lat' dir='ltr'><strong>trahitur</strong></span> <span class='ocrx_word' id='word_1_65' title='bbox 1342 1065 1375 1128; x_wconf 90' lang='lat' dir='ltr'><strong>in</strong></span> <span class='ocrx_word' id='word_1_66' title='bbox 1391 1063 1459 1129; x_wconf 90' lang='lat' dir='ltr'><strong>lon·</strong></span> <span class='ocrx_word' id='word_1_67' title='bbox 1545 1123 1548 1127; x_wconf 85' lang='lat'>.</span> 
     </span>
    </p>
   </div>
   <div class='ocr_carea' id='block_1_4' title="bbox 40 1171 1459 4492">
    <p class='ocr_par' dir='ltr' id='par_1_4' title="bbox 40 1171 1459 4492">
     <span class='ocr_line' id='line_1_8' title="bbox 123 1171 1456 1258; baseline -0.002 -17"><span class='ocrx_word' id='word_1_68' title='bbox 123 1195 207 1258; x_wconf 86' lang='lat' dir='ltr'><strong>gum,</strong></span> <span class='ocrx_word' id='word_1_69' title='bbox 231 1194 314 1241; x_wconf 89' lang='lat' dir='ltr'><strong>nune</strong></span> <span class='ocrx_word' id='word_1_70' title='bbox 337 1176 477 1240; x_wconf 84' lang='lat' dir='ltr'><strong>variatur</strong></span> <span class='ocrx_word' id='word_1_71' title='bbox 498 1174 624 1255; x_wconf 89' lang='lat' dir='ltr'><strong>inflexo,</strong></span> <span class='ocrx_word' id='word_1_72' title='bbox 647 1192 729 1239; x_wconf 80' lang='lat' dir='ltr'><strong>nuum</strong></span> <span class='ocrx_word' id='word_1_73' title='bbox 752 1173 952 1254; x_wconf 87' lang='lat' dir='ltr'><strong>distinguitur</strong></span> <span class='ocrx_word' id='word_1_74' title='bbox 974 1173 1108 1252; x_wconf 80' lang='lat' dir='ltr'><strong>conciso,</strong></span> <span class='ocrx_word' id='word_1_75' title='bbox 1133 1171 1296 1256; x_wconf 79' lang='lat' dir='ltr'><strong>copulatur</strong></span> <span class='ocrx_word' id='word_1_76' title='bbox 1324 1173 1456 1252; x_wconf 88' lang='lat' dir='ltr'><strong>intorto,</strong></span> 
     </span>
     <span class='ocr_line' id='line_1_9' title="bbox 99 1276 1459 1366; baseline -0.002 -19"><span class='ocrx_word' id='word_1_77' title='bbox 99 1282 317 1366; x_wconf 62' lang='lat' dir='ltr'><strong>‚pmmittitur</strong></span> <span class='ocrx_word' id='word_1_78' title='bbox 338 1284 496 1362; x_wconf 81' lang='lat' dir='ltr'><strong>reuocato,</strong></span> <span class='ocrx_word' id='word_1_79' title='bbox 519 1280 691 1347; x_wconf 86' lang='lat' dir='ltr'><strong>inlirsaatur</strong></span> <span class='ocrx_word' id='word_1_80' title='bbox 721 1297 760 1346; x_wconf 90' lang='lat' dir='ltr'><strong>ex</strong></span> <span class='ocrx_word' id='word_1_81' title='bbox 791 1280 967 1364; x_wconf 85' lang='lat' dir='ltr'><strong>inopinato,</strong></span> <span class='ocrx_word' id='word_1_82' title='bbox 1001 1276 1158 1344; x_wconf 92' lang='lat' dir='ltr'><strong>interdum</strong></span> <span class='ocrx_word' id='word_1_83' title='bbox 1189 1280 1223 1344; x_wconf 91' lang='lat' dir='ltr'><strong>et</strong></span> <span class='ocrx_word' id='word_1_84' title='bbox 1254 1296 1359 1344; x_wconf 90' lang='lat' dir='ltr'><strong>seeum</strong></span> <span class='ocrx_word' id='word_1_85' title='bbox 1390 1280 1459 1362; x_wconf 90' lang='lat' dir='ltr'><strong>ipse</strong></span> 
     </span>
     <span class='ocr_line' id='line_1_10' title="bbox 123 1375 1456 1473; baseline -0.001 -19"><span class='ocrx_word' id='word_1_86' title='bbox 123 1391 308 1469; x_wconf 88' lang='lat' dir='ltr'><strong>murmurat,</strong></span> <span class='ocrx_word' id='word_1_87' title='bbox 326 1388 446 1473; x_wconf 89' lang='lat' dir='ltr'><strong>plenus,</strong></span> <span class='ocrx_word' id='word_1_88' title='bbox 460 1390 578 1472; x_wconf 71' lang='lat' dir='ltr'><strong>grauis</strong></span> <span class='ocrx_word' id='word_1_89' title='bbox 597 1390 719 1468; x_wconf 88' lang='lat' dir='ltr'><strong>aeutus,</strong></span> <span class='ocrx_word' id='word_1_90' title='bbox 738 1389 846 1453; x_wconf 90' lang='lat' dir='ltr'><strong>ereber</strong></span> <span class='ocrx_word' id='word_1_91' title='bbox 861 1388 1016 1467; x_wconf 89' lang='lat' dir='ltr'><strong>extentus,</strong></span> <span class='ocrx_word' id='word_1_92' title='bbox 1030 1386 1083 1451; x_wconf 91' lang='lat' dir='ltr'><strong>ubi</strong></span> <span class='ocrx_word' id='word_1_93' title='bbox 1107 1388 1206 1452; x_wconf 92' lang='lat' dir='ltr'><strong>visum</strong></span> <span class='ocrx_word' id='word_1_94' title='bbox 1229 1390 1291 1467; x_wconf 92' lang='lat' dir='ltr'><strong>est,</strong></span> <span class='ocrx_word' id='word_1_95' title='bbox 1312 1375 1456 1467; x_wconf 84' lang='lat' dir='ltr'><strong>uibrans,</strong></span> 
     </span>
     <span class='ocr_line' id='line_1_11' title="bbox 122 1493 1458 1580; baseline -0.001 -18"><span class='ocrx_word' id='word_1_96' title='bbox 122 1515 270 1578; x_wconf 89' lang='lat' dir='ltr'><strong>summus,</strong></span> <span class='ocrx_word' id='word_1_97' title='bbox 293 1495 425 1577; x_wconf 92' lang='lat' dir='ltr'><strong>medius,</strong></span> <span class='ocrx_word' id='word_1_98' title='bbox 449 1497 539 1562; x_wconf 92' lang='lat' dir='ltr'><strong>imus.</strong></span> <span class='ocrx_word' id='word_1_99' title='bbox 552 1497 763 1580; x_wconf 89' lang='lat' dir='ltr'><strong>breviterque,</strong></span> <span class='ocrx_word' id='word_1_100' title='bbox 788 1496 895 1560; x_wconf 91' lang='lat' dir='ltr'><strong>omnia</strong></span> <span class='ocrx_word' id='word_1_101' title='bbox 923 1498 990 1559; x_wconf 90' lang='lat' dir='ltr'><strong>tam</strong></span> <span class='ocrx_word' id='word_1_102' title='bbox 1006 1493 1144 1578; x_wconf 84' lang='lat' dir='ltr'><strong>paruulis</strong></span> <span class='ocrx_word' id='word_1_103' title='bbox 1158 1495 1190 1558; x_wconf 91' lang='lat' dir='ltr'><strong>in</strong></span> <span class='ocrx_word' id='word_1_104' title='bbox 1207 1493 1358 1575; x_wconf 76' lang='lat' dir='ltr'><strong>laudibus,</strong></span> <span class='ocrx_word' id='word_1_105' title='bbox 1377 1514 1458 1580; x_wconf 92' lang='lat' dir='ltr'><strong>quae</strong></span> 
     </span>
     <span class='ocr_line' id='line_1_12' title="bbox 122 1604 1458 1689; baseline -0.002 -19"><span class='ocrx_word' id='word_1_106' title='bbox 122 1606 285 1689; x_wconf 86' lang='lat' dir='ltr'><strong>exquisitis</strong></span> <span class='ocrx_word' id='word_1_107' title='bbox 316 1605 464 1670; x_wconf 88' lang='lat' dir='ltr'><strong>tibiarum</strong></span> <span class='ocrx_word' id='word_1_108' title='bbox 496 1604 660 1670; x_wconf 84' lang='lat' dir='ltr'><strong>tenuantis</strong></span> <span class='ocrx_word' id='word_1_109' title='bbox 692 1623 743 1671; x_wconf 89' lang='lat' dir='ltr'><strong>ars</strong></span> <span class='ocrx_word' id='word_1_110' title='bbox 773 1605 932 1669; x_wconf 90' lang='lat' dir='ltr'><strong>bominum</strong></span> <span class='ocrx_word' id='word_1_111' title='bbox 955 1604 1158 1686; x_wconf 80' lang='lat' dir='ltr'><strong>excogitauit.</strong></span> <span class='ocrx_word' id='word_1_112' title='bbox 1199 1622 1279 1670; x_wconf 87' lang='lat' dir='ltr'><strong>...ae</strong></span> <span class='ocrx_word' id='word_1_113' title='bbox 1314 1621 1353 1669; x_wconf 94' lang='lat' dir='ltr'><strong>ne</strong></span> <span class='ocrx_word' id='word_1_114' title='bbox 1389 1604 1458 1688; x_wconf 92' lang='lat' dir='ltr'><strong>quis</strong></span> 
     </span>
     <span class='ocr_line' id='line_1_13' title="bbox 122 1713 1458 1797; baseline 0.002 -18"><span class='ocrx_word' id='word_1_115' title='bbox 122 1715 247 1779; x_wconf 91' lang='lat' dir='ltr'><strong>dubitet</strong></span> <span class='ocrx_word' id='word_1_116' title='bbox 269 1714 349 1780; x_wconf 90' lang='lat' dir='ltr'><strong>artis</strong></span> <span class='ocrx_word' id='word_1_117' title='bbox 372 1732 449 1795; x_wconf 87' lang='lat' dir='ltr'><strong>esse,</strong></span> <span class='ocrx_word' id='word_1_118' title='bbox 473 1713 577 1797; x_wconf 89' lang='lat' dir='ltr'><strong>plures</strong></span> <span class='ocrx_word' id='word_1_119' title='bbox 599 1713 730 1796; x_wconf 81' lang='lat' dir='ltr'><strong>singulis</strong></span> <span class='ocrx_word' id='word_1_120' title='bbox 752 1717 825 1779; x_wconf 89' lang='lat' dir='ltr'><strong>sunt</strong></span> <span class='ocrx_word' id='word_1_121' title='bbox 847 1717 958 1780; x_wconf 81' lang='lat' dir='ltr'><strong>bantus</strong></span> <span class='ocrx_word' id='word_1_122' title='bbox 984 1732 1043 1780; x_wconf 89' lang='lat' dir='ltr'><strong>nea</strong></span> <span class='ocrx_word' id='word_1_123' title='bbox 1077 1714 1179 1780; x_wconf 92' lang='lat' dir='ltr'><strong>eidem</strong></span> <span class='ocrx_word' id='word_1_124' title='bbox 1212 1717 1366 1796; x_wconf 89' lang='lat' dir='ltr'><strong>omnibus,</strong></span> <span class='ocrx_word' id='word_1_125' title='bbox 1401 1716 1458 1782; x_wconf 91' lang='lat' dir='ltr'><strong>sed</strong></span> 
     </span>
     <span class='ocr_line' id='line_1_14' title="bbox 122 1822 1385 1910; baseline 0.002 -21"><span class='ocrx_word' id='word_1_126' title='bbox 122 1824 169 1889; x_wconf 88' lang='lat' dir='ltr'><strong>sui</strong></span> <span class='ocrx_word' id='word_1_127' title='bbox 193 1822 324 1905; x_wconf 86' lang='lat' dir='ltr'><strong>auique&#39;.</strong></span> <span class='ocrx_word' id='word_1_128' title='bbox 1383 1907 1385 1910; x_wconf 13' lang='grc' dir='ltr'><strong><em>ι</em></strong></span> 
     </span>
     <span class='ocr_line' id='line_1_15' title="bbox 189 1921 1458 2018; baseline 0 -23"><span class='ocrx_word' id='word_1_129' title='bbox 189 1927 263 1995; x_wconf 84' lang='grc' dir='ltr'><strong>Χέει</strong></span> <span class='ocrx_word' id='word_1_130' title='bbox 285 1932 392 1996; x_wconf 89' lang='lat' dir='ltr'><strong>autem</strong></span> <span class='ocrx_word' id='word_1_131' title='bbox 414 1930 499 1996; x_wconf 91' lang='lat' dir='ltr'><strong>idem</strong></span> <span class='ocrx_word' id='word_1_132' title='bbox 523 1932 572 1997; x_wconf 90' lang='lat' dir='ltr'><strong>est</strong></span> <span class='ocrx_word' id='word_1_133' title='bbox 595 1931 677 2014; x_wconf 94' lang='lat' dir='ltr'><strong>quod</strong></span> <span class='ocrx_word' id='word_1_134' title='bbox 701 1938 830 2016; x_wconf 78' lang='grc' dir='ltr'><strong>οονεχῶς</strong></span> <span class='ocrx_word' id='word_1_135' title='bbox 854 1931 918 2013; x_wconf 79' lang='grc' dir='ltr'><strong>ᾄδει</strong></span> <span class='ocrx_word' id='word_1_136' title='bbox 940 1931 1024 2015; x_wconf 90' lang='lat' dir='ltr'><strong>apud</strong></span> <span class='ocrx_word' id='word_1_137' title='bbox 1046 1921 1258 2014; x_wconf 80' lang='lat' dir='ltr'><strong>Aristotelem,</strong></span> <span class='ocrx_word' id='word_1_138' title='bbox 1283 1933 1365 2018; x_wconf 92' lang='lat' dir='ltr'><strong>quod</strong></span> <span class='ocrx_word' id='word_1_139' title='bbox 1388 1930 1458 1996; x_wconf 80' lang='grc' dir='ltr'><strong>ἀπὸ-</strong></span> 
     </span>
     <span class='ocr_line' id='line_1_16' title="bbox 123 2031 1457 2124; baseline 0.006 -26"><span class='ocrx_word' id='word_1_140' title='bbox 123 2058 205 2118; x_wconf 67' lang='lat' dir='ltr'><strong>pere&lt;</strong></span> <span class='ocrx_word' id='word_1_141' title='bbox 229 2035 299 2120; x_wconf 82' lang='grc' dir='ltr'><strong>βοᾶς</strong></span> <span class='ocrx_word' id='word_1_142' title='bbox 322 2031 406 2120; x_wconf 84' lang='lat' dir='ltr'><strong>apud</strong></span> <span class='ocrx_word' id='word_1_143' title='bbox 429 2037 617 2122; x_wconf 78' lang='lat' dir='ltr'><strong>Aesebylum</strong></span> <span class='ocrx_word' id='word_1_144' title='bbox 642 2039 753 2121; x_wconf 84' lang='lat' dir='ltr'><strong>Agam.</strong></span> <span class='ocrx_word' id='word_1_145' title='bbox 781 2059 809 2103; x_wconf 90' lang='lat' dir='ltr'><strong>v.</strong></span> <span class='ocrx_word' id='word_1_146' title='bbox 837 2039 934 2119; x_wconf 80' lang='lat'>11423</span> <span class='ocrx_word' id='word_1_147' title='bbox 960 2057 1035 2104; x_wconf 94' lang='lat' dir='ltr'><strong>nam</strong></span> <span class='ocrx_word' id='word_1_148' title='bbox 1057 2039 1111 2106; x_wconf 92' lang='lat' dir='ltr'><strong>ille</strong></span> <span class='ocrx_word' id='word_1_149' title='bbox 1127 2040 1292 2106; x_wconf 79' lang='lat' dir='ltr'><strong>continuus</strong></span> <span class='ocrx_word' id='word_1_150' title='bbox 1308 2044 1457 2124; x_wconf 90' lang='lat' dir='ltr'><strong>quatuor-</strong></span> 
     </span>
     <span class='ocr_line' id='line_1_17' title="bbox 123 2144 1458 2231; baseline 0.004 -21"><span class='ocrx_word' id='word_1_151' title='bbox 123 2145 224 2210; x_wconf 88' lang='lat' dir='ltr'><strong>deeim</strong></span> <span class='ocrx_word' id='word_1_152' title='bbox 255 2144 376 2210; x_wconf 89' lang='lat' dir='ltr'><strong>diemm</strong></span> <span class='ocrx_word' id='word_1_153' title='bbox 407 2147 518 2211; x_wconf 85' lang='lat' dir='ltr'><strong>uentus</strong></span> <span class='ocrx_word' id='word_1_154' title='bbox 553 2144 633 2211; x_wconf 90' lang='lat' dir='ltr'><strong>adeo</strong></span> <span class='ocrx_word' id='word_1_155' title='bbox 664 2147 807 2231; x_wconf 91' lang='lat' dir='ltr'><strong>proprius</strong></span> <span class='ocrx_word' id='word_1_156' title='bbox 836 2148 869 2212; x_wconf 90' lang='lat' dir='ltr'><strong>et</strong></span> <span class='ocrx_word' id='word_1_157' title='bbox 892 2150 941 2212; x_wconf 90' lang='lat' dir='ltr'><strong>est</strong></span> <span class='ocrx_word' id='word_1_158' title='bbox 964 2148 997 2211; x_wconf 89' lang='lat' dir='ltr'><strong>et</strong></span> <span class='ocrx_word' id='word_1_159' title='bbox 1020 2148 1102 2213; x_wconf 89' lang='lat' dir='ltr'><strong>visus</strong></span> <span class='ocrx_word' id='word_1_160' title='bbox 1136 2148 1185 2213; x_wconf 90' lang='lat' dir='ltr'><strong>est</strong></span> <span class='ocrx_word' id='word_1_161' title='bbox 1208 2148 1366 2215; x_wconf 90' lang='lat' dir='ltr'><strong>veteribus</strong></span> <span class='ocrx_word' id='word_1_162' title='bbox 1388 2160 1458 2215; x_wconf 90' lang='lat' dir='ltr'><strong>esse</strong></span> 
     </span>
     <span class='ocr_line' id='line_1_18' title="bbox 120 2238 1454 2338; baseline 0.004 -22"><span class='ocrx_word' id='word_1_163' title='bbox 120 2253 282 2333; x_wconf 87' lang='lat' dir='ltr'><strong>lusoiniae,</strong></span> <span class='ocrx_word' id='word_1_164' title='bbox 305 2256 341 2316; x_wconf 90' lang='lat' dir='ltr'><strong>ut</strong></span> <span class='ocrx_word' id='word_1_165' title='bbox 363 2251 437 2317; x_wconf 90' lang='lat' dir='ltr'><strong>inde</strong></span> <span class='ocrx_word' id='word_1_166' title='bbox 461 2238 632 2318; x_wconf 84' lang='lat' dir='ltr'><strong>Hesiodu&#39;m</strong></span> <span class='ocrx_word' id='word_1_167' title='bbox 665 2252 789 2336; x_wconf 82' lang='lat' dir='ltr'><strong>(fragm</strong></span> <span class='ocrx_word' id='word_1_168' title='bbox 818 2254 881 2318; x_wconf 88' lang='lat'><strong>120</strong></span> <span class='ocrx_word' id='word_1_169' title='bbox 904 2254 956 2320; x_wconf 91' lang='lat' dir='ltr'><strong>ed.</strong></span> <span class='ocrx_word' id='word_1_170' title='bbox 986 2254 1101 2338; x_wconf 87' lang='lat' dir='ltr'><strong>Kiuk.)</strong></span> <span class='ocrx_word' id='word_1_171' title='bbox 1135 2254 1283 2321; x_wconf 88' lang='lat' dir='ltr'><strong>Aelianus</strong></span> <span class='ocrx_word' id='word_1_172' title='bbox 1307 2255 1344 2320; x_wconf 84' lang='lat' dir='ltr'><strong>V.</strong></span> <span class='ocrx_word' id='word_1_173' title='bbox 1368 2257 1454 2322; x_wconf 90' lang='lat' dir='ltr'><strong>Hist.</strong></span> 
     </span>
     <span class='ocr_line' id='line_1_19' title="bbox 119 2359 1456 2450; baseline 0.001 -25"><span class='ocrx_word' id='word_1_174' title='bbox 119 2362 141 2426; x_wconf 93' lang='lat' dir='ltr'><strong>l.</strong></span> <span class='ocrx_word' id='word_1_175' title='bbox 168 2360 228 2425; x_wconf 88' lang='lat' dir='ltr'><strong>XII</strong></span> <span class='ocrx_word' id='word_1_176' title='bbox 251 2378 279 2426; x_wconf 91' lang='lat' dir='ltr'><strong>e.</strong></span> <span class='ocrx_word' id='word_1_177' title='bbox 308 2363 350 2424; x_wconf 84' lang='lat'><strong>20</strong></span> <span class='ocrx_word' id='word_1_178' title='bbox 373 2363 464 2426; x_wconf 89' lang='lat' dir='ltr'><strong>testis</strong></span> <span class='ocrx_word' id='word_1_179' title='bbox 486 2360 529 2426; x_wconf 87' lang='lat' dir='ltr'><strong>sit</strong></span> <span class='ocrx_word' id='word_1_180' title='bbox 552 2361 667 2428; x_wconf 84' lang='lat' dir='ltr'><strong>dixisse</strong></span> <span class='ocrx_word' id='word_1_181' title='bbox 698 2380 769 2428; x_wconf 91' lang='lat' dir='ltr'><strong>eam</strong></span> <span class='ocrx_word' id='word_1_182' title='bbox 801 2362 900 2428; x_wconf 90' lang='lat' dir='ltr'><strong>solam</strong></span> <span class='ocrx_word' id='word_1_183' title='bbox 933 2381 972 2428; x_wconf 90' lang='lat' dir='ltr'><strong>ex</strong></span> <span class='ocrx_word' id='word_1_184' title='bbox 1003 2364 1147 2429; x_wconf 91' lang='lat' dir='ltr'><strong>omnibus</strong></span> <span class='ocrx_word' id='word_1_185' title='bbox 1180 2364 1290 2429; x_wconf 88' lang='lat' dir='ltr'><strong>avibus</strong></span> <span class='ocrx_word' id='word_1_186' title='bbox 1322 2359 1456 2450; x_wconf 81' lang='grc' dir='ltr'><strong>ἀμοιρεῖν</strong></span> 
     </span>
     <span class='ocr_line' id='line_1_20' title="bbox 120 2464 1456 2557; baseline 0.003 -29"><span class='ocrx_word' id='word_1_187' title='bbox 120 2466 220 2549; x_wconf 67' lang='grc' dir='ltr'><strong>ὕπνον,</strong></span> <span class='ocrx_word' id='word_1_188' title='bbox 244 2470 277 2533; x_wconf 92' lang='lat' dir='ltr'><strong>et</strong></span> <span class='ocrx_word' id='word_1_189' title='bbox 300 2467 469 2550; x_wconf 81' lang='lat' dir='ltr'><strong>Sophocles</strong></span> <span class='ocrx_word' id='word_1_190' title='bbox 493 2468 604 2537; x_wconf 78' lang='lat' dir='ltr'><strong>Traeh.</strong></span> <span class='ocrx_word' id='word_1_191' title='bbox 631 2489 662 2535; x_wconf 91' lang='lat' dir='ltr'><strong>v.</strong></span> <span class='ocrx_word' id='word_1_192' title='bbox 691 2470 753 2533; x_wconf 89' lang='lat'><strong>107</strong></span> <span class='ocrx_word' id='word_1_193' title='bbox 783 2470 965 2536; x_wconf 89' lang='lat' dir='ltr'><strong>Deianiram</strong></span> <span class='ocrx_word' id='word_1_194' title='bbox 996 2467 1062 2552; x_wconf 81' lang='grc' dir='ltr'><strong>ἀεί,</strong></span> <span class='ocrx_word' id='word_1_195' title='bbox 1095 2464 1145 2533; x_wconf 84' lang='grc' dir='ltr'><strong>οἷά</strong></span> <span class='ocrx_word' id='word_1_196' title='bbox 1176 2470 1229 2532; x_wconf 84' lang='grc' dir='ltr'><strong>τιν’</strong></span> <span class='ocrx_word' id='word_1_197' title='bbox 1252 2469 1357 2532; x_wconf 74' lang='grc' dir='ltr'><strong>ἄθλιον</strong></span> <span class='ocrx_word' id='word_1_198' title='bbox 1381 2471 1456 2557; x_wconf 82' lang='grc' dir='ltr'><strong>ὄρνιν</strong></span> 
     </span>
     <span class='ocr_line' id='line_1_21' title="bbox 121 2573 1456 2662; baseline 0.003 -25"><span class='ocrx_word' id='word_1_199' title='bbox 121 2575 144 2638; x_wconf 89' lang='lat' dir='ltr'><strong>i.</strong></span> <span class='ocrx_word' id='word_1_200' title='bbox 171 2592 197 2639; x_wconf 82' lang='lat' dir='ltr'><strong>e.</strong></span> <span class='ocrx_word' id='word_1_201' title='bbox 222 2575 385 2640; x_wconf 75' lang='lat' dir='ltr'><strong>lusciniam</strong></span> <span class='ocrx_word' id='word_1_202' title='bbox 409 2575 524 2637; x_wconf 83' lang='grc' dir='ltr'><strong>οὔποτ’</strong></span> <span class='ocrx_word' id='word_1_203' title='bbox 548 2573 708 2646; x_wconf 72' lang='grc' dir='ltr'><strong>εὐνάζειν</strong></span> <span class='ocrx_word' id='word_1_204' title='bbox 732 2574 900 2661; x_wconf 76' lang='grc' dir='ltr'><strong>ἀδακρύτων</strong></span> <span class='ocrx_word' id='word_1_205' title='bbox 934 2575 1089 2662; x_wconf 79' lang='grc' dir='ltr'>βλεφάρων</span> <span class='ocrx_word' id='word_1_206' title='bbox 1124 2573 1226 2655; x_wconf 78' lang='grc' dir='ltr'><strong>πὸθον,</strong></span> <span class='ocrx_word' id='word_1_207' title='bbox 1261 2574 1373 2644; x_wconf 84' lang='grc' dir='ltr'><strong>ἀλλὰ...</strong></span> <span class='ocrx_word' id='word_1_208' title='bbox 1409 2577 1456 2641; x_wconf 83' lang='grc' dir='ltr'><strong>ἐν·</strong></span> 
     </span>
     <span class='ocr_line' id='line_1_22' title="bbox 40 2677 1456 2771; baseline 0.007 -31"><span class='ocrx_word' id='word_1_209' title='bbox 40 2754 42 2759; x_wconf 13' lang='lat'><em>*</em></span> <span class='ocrx_word' id='word_1_210' title='bbox 123 2677 236 2763; x_wconf 74' lang='grc' dir='ltr'><strong>θυμίοις</strong></span> <span class='ocrx_word' id='word_1_211' title='bbox 259 2679 382 2751; x_wconf 75' lang='grc' dir='ltr'><strong>εὐναῖς</strong></span> <span class='ocrx_word' id='word_1_212' title='bbox 406 2679 610 2769; x_wconf 82' lang='grc' dir='ltr'><strong>ἀνανδρώτοιοι</strong></span> <span class='ocrx_word' id='word_1_213' title='bbox 633 2683 795 2768; x_wconf 74' lang='grc' dir='ltr'><strong>τρύχεοθαι</strong></span> <span class='ocrx_word' id='word_1_214' title='bbox 818 2683 1017 2766; x_wconf 78' lang='lat' dir='ltr'><strong>dieai,1mde</strong></span> <span class='ocrx_word' id='word_1_215' title='bbox 1041 2683 1192 2769; x_wconf 78' lang='grc' dir='ltr'><strong>ἀηδόνειος</strong></span> <span class='ocrx_word' id='word_1_216' title='bbox 1215 2686 1268 2752; x_wconf 82' lang='lat' dir='ltr'><strong>ille</strong></span> <span class='ocrx_word' id='word_1_217' title='bbox 1285 2685 1384 2767; x_wconf 75' lang='grc' dir='ltr'><strong>ὕπνος,</strong></span> <span class='ocrx_word' id='word_1_218' title='bbox 1403 2687 1456 2771; x_wconf 87' lang='lat' dir='ltr'><strong>qui</strong></span> 
     </span>
     <span class='ocr_line' id='line_1_23' title="bbox 122 2787 1455 2878; baseline 0.005 -25"><span class='ocrx_word' id='word_1_219' title='bbox 122 2787 206 2871; x_wconf 90' lang='lat' dir='ltr'><strong>apud</strong></span> <span class='ocrx_word' id='word_1_220' title='bbox 228 2789 431 2856; x_wconf 90' lang='lat' dir='ltr'><strong>Nieooharem</strong></span> <span class='ocrx_word' id='word_1_221' title='bbox 454 2789 565 2874; x_wconf 81' lang='lat' dir='ltr'><strong>fragm.</strong></span> <span class='ocrx_word' id='word_1_222' title='bbox 594 2794 633 2856; x_wconf 87' lang='lat'><strong>16</strong></span> <span class='ocrx_word' id='word_1_223' title='bbox 658 2793 709 2858; x_wconf 90' lang='lat' dir='ltr'><strong>ed.</strong></span> <span class='ocrx_word' id='word_1_224' title='bbox 736 2792 837 2858; x_wconf 87' lang='lat' dir='ltr'><strong>Koek.</strong></span> <span class='ocrx_word' id='word_1_225' title='bbox 864 2793 988 2876; x_wconf 78' lang='lat' dir='ltr'><strong>legibur,</strong></span> <span class='ocrx_word' id='word_1_226' title='bbox 1015 2797 1101 2860; x_wconf 89' lang='lat' dir='ltr'><strong>ortus</strong></span> <span class='ocrx_word' id='word_1_227' title='bbox 1124 2796 1184 2860; x_wconf 89' lang='lat' dir='ltr'><strong>est.</strong></span> <span class='ocrx_word' id='word_1_228' title='bbox 1211 2790 1378 2878; x_wconf 80' lang='grc' dir='ltr'><strong>Πολοηχὲο</strong></span> <span class='ocrx_word' id='word_1_229' title='bbox 1402 2793 1455 2860; x_wconf 93' lang='lat' dir='ltr'><strong>de-</strong></span> 
     </span>
     <span class='ocr_line' id='line_1_24' title="bbox 120 2891 1454 2985; baseline 0.007 -26"><span class='ocrx_word' id='word_1_230' title='bbox 120 2897 214 2980; x_wconf 82' lang='lat' dir='ltr'><strong>nique</strong></span> <span class='ocrx_word' id='word_1_231' title='bbox 239 2891 339 2979; x_wconf 75' lang='grc' dir='ltr'><strong>φονὴν</strong></span> <span class='ocrx_word' id='word_1_232' title='bbox 373 2916 436 2962; x_wconf 79' lang='grc'><strong>11011</strong></span> <span class='ocrx_word' id='word_1_233' title='bbox 471 2915 539 2964; x_wconf 82' lang='lat' dir='ltr'><strong>esse</strong></span> <span class='ocrx_word' id='word_1_234' title='bbox 562 2898 674 2970; x_wconf 76' lang='grc' dir='ltr'><strong>πολλὰς</strong></span> <span class='ocrx_word' id='word_1_235' title='bbox 698 2899 865 2985; x_wconf 79' lang='grc' dir='ltr'><strong>μεταβολὰς</strong></span> <span class='ocrx_word' id='word_1_236' title='bbox 888 2897 1076 2984; x_wconf 81' lang='grc' dir='ltr'><strong>ποιουμένην,</strong></span> <span class='ocrx_word' id='word_1_237' title='bbox 1102 2905 1137 2966; x_wconf 81' lang='lat' dir='ltr'><strong>ut</strong></span> <span class='ocrx_word' id='word_1_238' title='bbox 1167 2904 1215 2968; x_wconf 80' lang='lat' dir='ltr'><strong>est</strong></span> <span class='ocrx_word' id='word_1_239' title='bbox 1248 2903 1281 2966; x_wconf 86' lang='lat' dir='ltr'><strong>in</strong></span> <span class='ocrx_word' id='word_1_240' title='bbox 1315 2903 1454 2983; x_wconf 76' lang='lat' dir='ltr'><strong>scholiiS,</strong></span> 
     </span>
     <span class='ocr_line' id='line_1_25' title="bbox 120 2996 1454 3094; baseline 0.004 -26"><span class='ocrx_word' id='word_1_241' title='bbox 120 3005 179 3070; x_wconf 88' lang='lat' dir='ltr'><strong>hoe</strong></span> <span class='ocrx_word' id='word_1_242' title='bbox 195 3007 278 3072; x_wconf 90' lang='lat' dir='ltr'><strong>enim</strong></span> <span class='ocrx_word' id='word_1_243' title='bbox 302 3005 387 3071; x_wconf 92' lang='lat' dir='ltr'><strong>idem</strong></span> <span class='ocrx_word' id='word_1_244' title='bbox 405 3009 489 3072; x_wconf 92' lang='lat' dir='ltr'><strong>esset</strong></span> <span class='ocrx_word' id='word_1_245' title='bbox 512 2996 611 3091; x_wconf 74' lang='lat' dir='ltr'><strong>atque&#39;</strong></span> <span class='ocrx_word' id='word_1_246' title='bbox 630 3005 713 3090; x_wconf 79' lang='grc' dir='ltr'><strong>θαμὰ</strong></span> <span class='ocrx_word' id='word_1_247' title='bbox 730 3016 881 3092; x_wconf 81' lang='grc' dir='ltr'><strong>τροπῶοα,</strong></span> <span class='ocrx_word' id='word_1_248' title='bbox 906 3009 961 3075; x_wconf 92' lang='lat' dir='ltr'><strong>sed</strong></span> <span class='ocrx_word' id='word_1_249' title='bbox 985 3007 1143 3092; x_wconf 81' lang='lat' dir='ltr'><strong>‘magnam</strong></span> <span class='ocrx_word' id='word_1_250' title='bbox 1167 3011 1286 3076; x_wconf 89' lang='lat' dir='ltr'><strong>uooem&#39;</strong></span> <span class='ocrx_word' id='word_1_251' title='bbox 1308 3014 1454 3094; x_wconf 86' lang='lat' dir='ltr'><strong>apparet,</strong></span> 
     </span>
     <span class='ocr_line' id='line_1_26' title="bbox 120 3107 1455 3203; baseline 0.004 -27"><span class='ocrx_word' id='word_1_252' title='bbox 120 3112 201 3178; x_wconf 78' lang='lat' dir='ltr'><strong>siout</strong></span> <span class='ocrx_word' id='word_1_253' title='bbox 225 3107 355 3195; x_wconf 75' lang='grc' dir='ltr'><strong>αἰγιαλὸς</strong></span> <span class='ocrx_word' id='word_1_254' title='bbox 378 3113 492 3179; x_wconf 78' lang='lat' dir='ltr'><strong>diditur</strong></span> <span class='ocrx_word' id='word_1_255' title='bbox 522 3111 682 3200; x_wconf 76' lang='grc' dir='ltr'><strong>πολυηχης</strong></span> <span class='ocrx_word' id='word_1_256' title='bbox 704 3115 784 3188; x_wconf 84' lang='grc'><strong>111.</strong></span> <span class='ocrx_word' id='word_1_257' title='bbox 809 3115 868 3182; x_wconf 91' lang='lat' dir='ltr'>IIII</span> <span class='ocrx_word' id='word_1_258' title='bbox 892 3137 922 3182; x_wconf 86' lang='lat' dir='ltr'><strong>v.</strong></span> <span class='ocrx_word' id='word_1_259' title='bbox 958 3119 1035 3198; x_wconf 85' lang='grc'><strong>422,</strong></span> <span class='ocrx_word' id='word_1_260' title='bbox 1071 3115 1286 3203; x_wconf 80' lang='grc' dir='ltr'><strong>πολὺφλοιοβος</strong></span> <span class='ocrx_word' id='word_1_261' title='bbox 1319 3115 1455 3182; x_wconf 73' lang='grc' dir='ltr'><strong>θάλασσα</strong></span> 
     </span>
     <span class='ocr_line' id='line_1_27' title="bbox 120 3219 1455 3307; baseline 0.004 -25"><span class='ocrx_word' id='word_1_262' title='bbox 120 3219 143 3285; x_wconf 93' lang='lat' dir='ltr'><strong>l.</strong></span> <span class='ocrx_word' id='word_1_263' title='bbox 170 3219 183 3284; x_wconf 94' lang='grc' dir='ltr'>Ι</span> <span class='ocrx_word' id='word_1_264' title='bbox 207 3240 235 3284; x_wconf 87' lang='grc' dir='ltr'><strong>ν.</strong></span> <span class='ocrx_word' id='word_1_265' title='bbox 262 3222 303 3284; x_wconf 85' lang='grc'><strong>34</strong></span> <span class='ocrx_word' id='word_1_266' title='bbox 328 3220 383 3301; x_wconf 64' lang='lat' dir='ltr'><strong>al„</strong></span> <span class='ocrx_word' id='word_1_267' title='bbox 408 3222 490 3303; x_wconf 87' lang='lat' dir='ltr'><strong>quod</strong></span> <span class='ocrx_word' id='word_1_268' title='bbox 513 3221 597 3288; x_wconf 91' lang='lat' dir='ltr'><strong>idem</strong></span> <span class='ocrx_word' id='word_1_269' title='bbox 621 3227 669 3289; x_wconf 82' lang='lat' dir='ltr'><strong>est</strong></span> <span class='ocrx_word' id='word_1_270' title='bbox 693 3222 775 3306; x_wconf 87' lang='lat' dir='ltr'><strong>quod</strong></span> <span class='ocrx_word' id='word_1_271' title='bbox 798 3220 937 3307; x_wconf 80' lang='grc' dir='ltr'>ἠχήεσσα</span> <span class='ocrx_word' id='word_1_272' title='bbox 963 3243 994 3292; x_wconf 88' lang='grc' dir='ltr'><strong>ν.</strong></span> <span class='ocrx_word' id='word_1_273' title='bbox 1022 3226 1097 3304; x_wconf 81' lang='grc'><strong>157,</strong></span> <span class='ocrx_word' id='word_1_274' title='bbox 1130 3221 1455 3295; x_wconf 57' lang='lat' dir='ltr'><strong>parisiacensium</strong></span> 
     </span>
     <span class='ocr_line' id='line_1_28' title="bbox 122 3325 1456 3418; baseline 0.007 -27"><span class='ocrx_word' id='word_1_275' title='bbox 122 3325 181 3391; x_wconf 88' lang='lat' dir='ltr'><strong>Od.</strong></span> <span class='ocrx_word' id='word_1_276' title='bbox 207 3327 229 3392; x_wconf 91' lang='lat' dir='ltr'><strong>l.</strong></span> <span class='ocrx_word' id='word_1_277' title='bbox 255 3327 317 3393; x_wconf 86' lang='lat' dir='ltr'><strong>llll</strong></span> <span class='ocrx_word' id='word_1_278' title='bbox 333 3347 364 3393; x_wconf 88' lang='lat' dir='ltr'><strong>v.</strong></span> <span class='ocrx_word' id='word_1_279' title='bbox 385 3330 448 3392; x_wconf 73' lang='lat'><strong>354</strong></span> <span class='ocrx_word' id='word_1_280' title='bbox 472 3329 530 3409; x_wconf 67' lang='lat' dir='ltr'><strong>al„</strong></span> <span class='ocrx_word' id='word_1_281' title='bbox 555 3328 731 3414; x_wconf 74' lang='grc' dir='ltr'><strong>πολύφημος</strong></span> <span class='ocrx_word' id='word_1_282' title='bbox 756 3327 847 3416; x_wconf 73' lang='grc' dir='ltr'><strong>ἀγορή</strong></span> <span class='ocrx_word' id='word_1_283' title='bbox 873 3333 895 3398; x_wconf 87' lang='lat' dir='ltr'><strong>l.</strong></span> <span class='ocrx_word' id='word_1_284' title='bbox 922 3333 952 3398; x_wconf 86' lang='lat' dir='ltr'><strong>ll</strong></span> <span class='ocrx_word' id='word_1_285' title='bbox 975 3353 1005 3399; x_wconf 92' lang='lat' dir='ltr'><strong>v.</strong></span> <span class='ocrx_word' id='word_1_286' title='bbox 1033 3335 1108 3414; x_wconf 82' lang='lat'>250,</span> <span class='ocrx_word' id='word_1_287' title='bbox 1135 3337 1169 3400; x_wconf 78' lang='lat' dir='ltr'><strong>et</strong></span> <span class='ocrx_word' id='word_1_288' title='bbox 1193 3335 1254 3416; x_wconf 87' lang='lat' dir='ltr'><strong>ipsi</strong></span> <span class='ocrx_word' id='word_1_289' title='bbox 1269 3332 1456 3418; x_wconf 74' lang='grc' dir='ltr'><strong>Πολύφημος</strong></span> 
     </span>
     <span class='ocr_line' id='line_1_29' title="bbox 122 3432 1455 3524; baseline 0.005 -27"><span class='ocrx_word' id='word_1_290' title='bbox 122 3437 217 3515; x_wconf 90' lang='lat' dir='ltr'><strong>atque</strong></span> <span class='ocrx_word' id='word_1_291' title='bbox 249 3432 434 3519; x_wconf 77' lang='grc' dir='ltr'><strong>Πολορήτης</strong></span> <span class='ocrx_word' id='word_1_292' title='bbox 470 3436 504 3501; x_wconf 90' lang='grc'><strong>11.</strong></span> <span class='ocrx_word' id='word_1_293' title='bbox 529 3437 551 3502; x_wconf 94' lang='lat' dir='ltr'><strong>l.</strong></span> <span class='ocrx_word' id='word_1_294' title='bbox 586 3438 663 3503; x_wconf 89' lang='lat' dir='ltr'>XIII</span> <span class='ocrx_word' id='word_1_295' title='bbox 694 3459 725 3504; x_wconf 93' lang='grc' dir='ltr'><strong>ν.</strong></span> <span class='ocrx_word' id='word_1_296' title='bbox 763 3440 839 3518; x_wconf 85' lang='grc'><strong>791;</strong></span> <span class='ocrx_word' id='word_1_297' title='bbox 865 3442 945 3505; x_wconf 90' lang='lat' dir='ltr'><strong>siout</strong></span> <span class='ocrx_word' id='word_1_298' title='bbox 969 3440 1052 3524; x_wconf 90' lang='lat' dir='ltr'><strong>apud</strong></span> <span class='ocrx_word' id='word_1_299' title='bbox 1076 3440 1276 3524; x_wconf 86' lang='lat' dir='ltr'><strong>Apollonium</strong></span> <span class='ocrx_word' id='word_1_300' title='bbox 1299 3440 1455 3505; x_wconf 83' lang='lat' dir='ltr'><strong>Rhodium</strong></span> 
     </span>
     <span class='ocr_line' id='line_1_30' title="bbox 124 3540 1451 3631; baseline 0.006 -27"><span class='ocrx_word' id='word_1_301' title='bbox 124 3540 239 3622; x_wconf 83' lang='lat' dir='ltr'><strong>Argon.</strong></span> <span class='ocrx_word' id='word_1_302' title='bbox 266 3540 286 3604; x_wconf 94' lang='lat' dir='ltr'><strong>l.</strong></span> <span class='ocrx_word' id='word_1_303' title='bbox 311 3541 371 3607; x_wconf 92' lang='lat' dir='ltr'>IIII</span> <span class='ocrx_word' id='word_1_304' title='bbox 399 3563 427 3607; x_wconf 89' lang='grc' dir='ltr'><strong>ν.</strong></span> <span class='ocrx_word' id='word_1_305' title='bbox 453 3545 516 3608; x_wconf 87' lang='grc'><strong>963</strong></span> <span class='ocrx_word' id='word_1_306' title='bbox 541 3547 590 3610; x_wconf 89' lang='lat' dir='ltr'><strong>est</strong></span> <span class='ocrx_word' id='word_1_307' title='bbox 612 3542 715 3629; x_wconf 81' lang='grc' dir='ltr'><strong>πέτραι</strong></span> <span class='ocrx_word' id='word_1_308' title='bbox 738 3542 910 3631; x_wconf 77' lang='grc' dir='ltr'><strong>πολοηχεις,</strong></span> <span class='ocrx_word' id='word_1_309' title='bbox 934 3549 981 3612; x_wconf 88' lang='lat' dir='ltr'><strong>ita</strong></span> <span class='ocrx_word' id='word_1_310' title='bbox 1004 3547 1086 3631; x_wconf 92' lang='lat' dir='ltr'><strong>apud</strong></span> <span class='ocrx_word' id='word_1_311' title='bbox 1110 3549 1238 3614; x_wconf 80' lang='lat' dir='ltr'><strong>Aonium</strong></span> <span class='ocrx_word' id='word_1_312' title='bbox 1260 3547 1298 3613; x_wconf 84' lang='lat' dir='ltr'><strong>ir.</strong></span> <span class='ocrx_word' id='word_1_313' title='bbox 1333 3568 1362 3613; x_wconf 88' lang='grc' dir='ltr'><strong>ν.</strong></span> <span class='ocrx_word' id='word_1_314' title='bbox 1391 3549 1451 3612; x_wconf 86' lang='grc'><strong>571</strong></span> 
     </span>
     <span class='ocr_line' id='line_1_31' title="bbox 123 3645 1455 3733; baseline 0.006 -23"><span class='ocrx_word' id='word_1_315' title='bbox 123 3645 174 3711; x_wconf 91' lang='lat' dir='ltr'><strong>ed.</strong></span> <span class='ocrx_word' id='word_1_316' title='bbox 201 3647 258 3711; x_wconf 91' lang='lat' dir='ltr'><strong>alt.</strong></span> <span class='ocrx_word' id='word_1_317' title='bbox 284 3648 437 3714; x_wconf 80' lang='lat' dir='ltr'><strong>Ribbeck.</strong></span> <span class='ocrx_word' id='word_1_318' title='bbox 464 3648 591 3733; x_wconf 84' lang='lat' dir='ltr'><strong>‘magna</strong></span> <span class='ocrx_word' id='word_1_319' title='bbox 613 3654 797 3719; x_wconf 89' lang='lat' dir='ltr'><strong>sonantibus</strong></span> <span class='ocrx_word' id='word_1_320' title='bbox 821 3654 925 3719; x_wconf 87' lang='lat' dir='ltr'><strong>saxis&#39;.</strong></span> <span class='ocrx_word' id='word_1_321' title='bbox 951 3654 1002 3719; x_wconf 88' lang='lat' dir='ltr'><strong>Ita</strong></span> <span class='ocrx_word' id='word_1_322' title='bbox 1024 3654 1144 3721; x_wconf 85' lang='lat' dir='ltr'><strong>Plinius</strong></span> <span class='ocrx_word' id='word_1_323' title='bbox 1169 3656 1300 3719; x_wconf 88' lang='lat' dir='ltr'><strong>miratur</strong></span> <span class='ocrx_word' id='word_1_324' title='bbox 1332 3658 1455 3720; x_wconf 89' lang='lat' dir='ltr'><strong>tantam</strong></span> 
     </span>
     <span class='ocr_line' id='line_1_32' title="bbox 123 3758 1456 3846; baseline 0.007 -28"><span class='ocrx_word' id='word_1_325' title='bbox 123 3771 232 3821; x_wconf 60' lang='lat' dir='ltr'><strong>rroeem</strong></span> <span class='ocrx_word' id='word_1_326' title='bbox 248 3758 314 3820; x_wconf 91' lang='lat' dir='ltr'><strong>tam</strong></span> <span class='ocrx_word' id='word_1_327' title='bbox 329 3775 427 3839; x_wconf 88' lang='lat' dir='ltr'><strong>parvo</strong></span> <span class='ocrx_word' id='word_1_328' title='bbox 455 3775 523 3824; x_wconf 90' lang='lat' dir='ltr'><strong>esse</strong></span> <span class='ocrx_word' id='word_1_329' title='bbox 546 3760 578 3823; x_wconf 93' lang='lat' dir='ltr'><strong>in</strong></span> <span class='ocrx_word' id='word_1_330' title='bbox 600 3762 793 3844; x_wconf 79' lang='lat' dir='ltr'><strong>corpusculo,</strong></span> <span class='ocrx_word' id='word_1_331' title='bbox 819 3763 866 3828; x_wconf 87' lang='lat' dir='ltr'><strong>ita</strong></span> <span class='ocrx_word' id='word_1_332' title='bbox 889 3761 942 3828; x_wconf 90' lang='lat' dir='ltr'><strong>ille</strong></span> <span class='ocrx_word' id='word_1_333' title='bbox 966 3763 1071 3828; x_wconf 93' lang='lat' dir='ltr'><strong>avium</strong></span> <span class='ocrx_word' id='word_1_334' title='bbox 1093 3766 1226 3829; x_wconf 90' lang='lat' dir='ltr'><strong>naturae</strong></span> <span class='ocrx_word' id='word_1_335' title='bbox 1249 3764 1456 3846; x_wconf 82' lang='lat' dir='ltr'><strong>investigator</strong></span> 
     </span>
     <span class='ocr_line' id='line_1_33' title="bbox 122 3863 1456 3953; baseline 0.006 -26"><span class='ocrx_word' id='word_1_336' title='bbox 122 3863 299 3942; x_wconf 87' lang='lat' dir='ltr'><strong>Naumann,</strong></span> <span class='ocrx_word' id='word_1_337' title='bbox 325 3865 448 3938; x_wconf 84' lang='lat' dir='ltr'><strong>tantam</strong></span> <span class='ocrx_word' id='word_1_338' title='bbox 471 3867 573 3933; x_wconf 91' lang='lat' dir='ltr'><strong>inesse</strong></span> <span class='ocrx_word' id='word_1_339' title='bbox 598 3867 661 3932; x_wconf 90' lang='lat' dir='ltr'><strong>vim</strong></span> <span class='ocrx_word' id='word_1_340' title='bbox 684 3869 715 3932; x_wconf 92' lang='lat' dir='ltr'><strong>in</strong></span> <span class='ocrx_word' id='word_1_341' title='bbox 740 3872 807 3934; x_wconf 92' lang='lat' dir='ltr'><strong>tam</strong></span> <span class='ocrx_word' id='word_1_342' title='bbox 829 3871 935 3953; x_wconf 89' lang='lat' dir='ltr'><strong>parvis</strong></span> <span class='ocrx_word' id='word_1_343' title='bbox 958 3871 1093 3952; x_wconf 84' lang='lat' dir='ltr'><strong>gutturis</strong></span> <span class='ocrx_word' id='word_1_344' title='bbox 1122 3871 1236 3952; x_wconf 87' lang='lat' dir='ltr'><strong>nervis,</strong></span> <span class='ocrx_word' id='word_1_345' title='bbox 1269 3873 1316 3936; x_wconf 90' lang='lat' dir='ltr'><strong>ita</strong></span> <span class='ocrx_word' id='word_1_346' title='bbox 1349 3872 1456 3937; x_wconf 84' lang='lat' dir='ltr'><strong>Rossis</strong></span> 
     </span>
     <span class='ocr_line' id='line_1_34' title="bbox 123 3972 1455 4061; baseline 0.006 -26"><span class='ocrx_word' id='word_1_347' title='bbox 123 3972 298 4038; x_wconf 90' lang='lat' dir='ltr'><strong>hominibus</strong></span> <span class='ocrx_word' id='word_1_348' title='bbox 314 3974 347 4037; x_wconf 92' lang='lat' dir='ltr'><strong>in</strong></span> <span class='ocrx_word' id='word_1_349' title='bbox 360 3975 525 4058; x_wconf 89' lang='lat' dir='ltr'><strong>proverbio</strong></span> <span class='ocrx_word' id='word_1_350' title='bbox 542 3979 600 4058; x_wconf 89' lang='lat' dir='ltr'><strong>est,</strong></span> <span class='ocrx_word' id='word_1_351' title='bbox 616 3995 747 4061; x_wconf 88' lang='lat' dir='ltr'><strong>parvam</strong></span> <span class='ocrx_word' id='word_1_352' title='bbox 770 3978 895 4060; x_wconf 92' lang='lat' dir='ltr'><strong>quidem</strong></span> <span class='ocrx_word' id='word_1_353' title='bbox 917 3997 986 4044; x_wconf 88' lang='lat' dir='ltr'><strong>esse</strong></span> <span class='ocrx_word' id='word_1_354' title='bbox 1010 3979 1090 4044; x_wconf 89' lang='lat' dir='ltr'><strong>hano</strong></span> <span class='ocrx_word' id='word_1_355' title='bbox 1114 3978 1280 4058; x_wconf 79' lang='lat' dir='ltr'><strong>aviculam,</strong></span> <span class='ocrx_word' id='word_1_356' title='bbox 1306 3977 1362 4044; x_wconf 95' lang='lat' dir='ltr'><strong>sed</strong></span> <span class='ocrx_word' id='word_1_357' title='bbox 1385 3997 1455 4044; x_wconf 90' lang='lat' dir='ltr'><strong>eum</strong></span> 
     </span>
     <span class='ocr_line' id='line_1_35' title="bbox 122 4080 807 4165; baseline 0.012 -22"><span class='ocrx_word' id='word_1_358' title='bbox 122 4096 234 4145; x_wconf 90' lang='lat' dir='ltr'><strong>eanere</strong></span> <span class='ocrx_word' id='word_1_359' title='bbox 257 4080 399 4165; x_wconf 86' lang='lat' dir='ltr'><strong>ineipiat,</strong></span> <span class='ocrx_word' id='word_1_360' title='bbox 423 4082 535 4148; x_wconf 88' lang='lat' dir='ltr'><strong>silvam</strong></span> <span class='ocrx_word' id='word_1_361' title='bbox 557 4086 807 4151; x_wconf 89' lang='lat' dir='ltr'><strong>eontremiseere.</strong></span> 
     </span>
     <span class='ocr_line' id='line_1_36' title="bbox 101 4187 1456 4279; baseline 0.005 -28"><span class='ocrx_word' id='word_1_362' title='bbox 101 4224 108 4232; x_wconf 86' lang='lat'>-</span> <span class='ocrx_word' id='word_1_363' title='bbox 189 4187 215 4251; x_wconf 79' lang='lat' dir='ltr'><strong>A</strong></span> <span class='ocrx_word' id='word_1_364' title='bbox 240 4187 400 4254; x_wconf 86' lang='lat' dir='ltr'><strong>Simonide</strong></span> <span class='ocrx_word' id='word_1_365' title='bbox 424 4189 461 4255; x_wconf 86' lang='lat' dir='ltr'><strong>fr.</strong></span> <span class='ocrx_word' id='word_1_366' title='bbox 489 4192 530 4254; x_wconf 87' lang='grc'><strong>73</strong></span> <span class='ocrx_word' id='word_1_367' title='bbox 554 4191 938 4262; x_wconf 81' lang='grc' dir='ltr'><strong>Ιοεο1ο1οεπο1οκοπίλοος</strong></span> <span class='ocrx_word' id='word_1_368' title='bbox 962 4194 1114 4279; x_wconf 92' lang='lat' dir='ltr'><strong>appellari</strong></span> <span class='ocrx_word' id='word_1_369' title='bbox 1130 4196 1170 4259; x_wconf 91' lang='lat' dir='ltr'><strong>ob</strong></span> <span class='ocrx_word' id='word_1_370' title='bbox 1184 4195 1365 4260; x_wconf 79' lang='lat' dir='ltr'><strong>continuum</strong></span> <span class='ocrx_word' id='word_1_371' title='bbox 1381 4212 1456 4260; x_wconf 86' lang='lat' dir='ltr'><strong>ean-</strong></span> 
     </span>
     <span class='ocr_line' id='line_1_37' title="bbox 122 4293 1452 4385; baseline 0.008 -30"><span class='ocrx_word' id='word_1_372' title='bbox 122 4296 189 4357; x_wconf 92' lang='lat' dir='ltr'><strong>tum</strong></span> <span class='ocrx_word' id='word_1_373' title='bbox 212 4293 359 4361; x_wconf 85' lang='lat' dir='ltr'><strong>Mainake</strong></span> <span class='ocrx_word' id='word_1_374' title='bbox 383 4300 467 4362; x_wconf 86' lang='lat' dir='ltr'><strong>reete</strong></span> <span class='ocrx_word' id='word_1_375' title='bbox 492 4296 568 4363; x_wconf 90' lang='lat' dir='ltr'><strong>diait</strong></span> <span class='ocrx_word' id='word_1_376' title='bbox 591 4297 633 4364; x_wconf 92' lang='lat' dir='ltr'><strong>ad</strong></span> <span class='ocrx_word' id='word_1_377' title='bbox 657 4299 818 4365; x_wconf 88' lang='lat' dir='ltr'><strong>Mosebum</strong></span> <span class='ocrx_word' id='word_1_378' title='bbox 842 4300 904 4365; x_wconf 92' lang='lat' dir='ltr'><strong>vol.</strong></span> <span class='ocrx_word' id='word_1_379' title='bbox 930 4300 975 4365; x_wconf 91' lang='lat' dir='ltr'><strong>III</strong></span> <span class='ocrx_word' id='word_1_380' title='bbox 999 4302 1039 4365; x_wconf 86' lang='grc'><strong>38</strong></span> <span class='ocrx_word' id='word_1_381' title='bbox 1063 4321 1095 4385; x_wconf 88' lang='lat' dir='ltr'><strong>p.</strong></span> <span class='ocrx_word' id='word_1_382' title='bbox 1123 4302 1188 4364; x_wconf 89' lang='grc'><strong>449</strong></span> <span class='ocrx_word' id='word_1_383' title='bbox 1212 4302 1244 4366; x_wconf 92' lang='lat' dir='ltr'><strong>et</strong></span> <span class='ocrx_word' id='word_1_384' title='bbox 1280 4299 1368 4366; x_wconf 84' lang='lat' dir='ltr'><strong>Com.</strong></span> <span class='ocrx_word' id='word_1_385' title='bbox 1396 4300 1452 4365; x_wconf 89' lang='lat' dir='ltr'><strong>Gr.</strong></span> 
     </span>
     <span class='ocr_line' id='line_1_38' title="bbox 122 4399 1455 4492; baseline 0.007 -29"><span class='ocrx_word' id='word_1_386' title='bbox 122 4399 231 4483; x_wconf 82' lang='lat' dir='ltr'><strong>fragm.</strong></span> <span class='ocrx_word' id='word_1_387' title='bbox 248 4402 309 4466; x_wconf 90' lang='lat' dir='ltr'><strong>vol.</strong></span> <span class='ocrx_word' id='word_1_388' title='bbox 327 4403 355 4467; x_wconf 90' lang='lat' dir='ltr'>V</span> <span class='ocrx_word' id='word_1_389' title='bbox 377 4407 419 4486; x_wconf 79' lang='lat' dir='ltr'><strong>p.</strong></span> <span class='ocrx_word' id='word_1_390' title='bbox 437 4403 527 4470; x_wconf 82' lang='lat' dir='ltr'>CCV.</span> <span class='ocrx_word' id='word_1_391' title='bbox 554 4405 641 4471; x_wconf 90' lang='lat' dir='ltr'><strong>ldem</strong></span> <span class='ocrx_word' id='word_1_392' title='bbox 664 4425 733 4471; x_wconf 91' lang='lat' dir='ltr'><strong>eum</strong></span> <span class='ocrx_word' id='word_1_393' title='bbox 756 4410 851 4490; x_wconf 84' lang='lat' dir='ltr'><strong>neget</strong></span> <span class='ocrx_word' id='word_1_394' title='bbox 873 4426 928 4474; x_wconf 86' lang='lat' dir='ltr'><strong>eas</strong></span> <span class='ocrx_word' id='word_1_395' title='bbox 950 4409 1151 4492; x_wconf 89' lang='lat' dir='ltr'><strong>loquauitatis</strong></span> <span class='ocrx_word' id='word_1_396' title='bbox 1174 4409 1326 4474; x_wconf 89' lang='lat' dir='ltr'><strong>molestae</strong></span> <span class='ocrx_word' id='word_1_397' title='bbox 1349 4426 1455 4474; x_wconf 89' lang='lat' dir='ltr'><strong>exem·</strong></span> 
     </span>
    </p>
   </div>
   <div class='ocr_carea' id='block_1_5' title="bbox 122 4506 1454 4704">
    <p class='ocr_par' dir='ltr' id='par_1_5' title="bbox 122 4506 1454 4704">
     <span class='ocr_line' id='line_1_39' title="bbox 122 4506 1454 4600; baseline 0.008 -29"><span class='ocrx_word' id='word_1_398' title='bbox 122 4506 173 4590; x_wconf 91' lang='lat' dir='ltr'><strong>plo</strong></span> <span class='ocrx_word' id='word_1_399' title='bbox 196 4525 265 4574; x_wconf 92' lang='lat' dir='ltr'><strong>esse</strong></span> <span class='ocrx_word' id='word_1_400' title='bbox 289 4527 389 4590; x_wconf 91' lang='lat' dir='ltr'><strong>posse,</strong></span> <span class='ocrx_word' id='word_1_401' title='bbox 413 4510 447 4574; x_wconf 91' lang='lat' dir='ltr'><strong>in</strong></span> <span class='ocrx_word' id='word_1_402' title='bbox 470 4511 611 4578; x_wconf 80' lang='lat' dir='ltr'><strong>Alexidis</strong></span> <span class='ocrx_word' id='word_1_403' title='bbox 633 4512 808 4595; x_wconf 81' lang='lat' dir='ltr'><strong>fragmento</strong></span> <span class='ocrx_word' id='word_1_404' title='bbox 831 4513 1015 4595; x_wconf 83' lang='lat' dir='ltr'><strong>Thrasonis,</strong></span> <span class='ocrx_word' id='word_1_405' title='bbox 1044 4514 1128 4600; x_wconf 91' lang='lat' dir='ltr'><strong>quod</strong></span> <span class='ocrx_word' id='word_1_406' title='bbox 1160 4519 1208 4581; x_wconf 91' lang='lat' dir='ltr'><strong>est</strong></span> <span class='ocrx_word' id='word_1_407' title='bbox 1240 4514 1323 4600; x_wconf 92' lang='lat' dir='ltr'><strong>apud</strong></span> <span class='ocrx_word' id='word_1_408' title='bbox 1357 4516 1454 4581; x_wconf 79' lang='lat' dir='ltr'><strong>Athe-</strong></span> 
     </span>
     <span class='ocr_line' id='line_1_40' title="bbox 122 4615 857 4704; baseline 0.012 -27"><span class='ocrx_word' id='word_1_409' title='bbox 122 4632 235 4679; x_wconf 89' lang='lat' dir='ltr'><strong>naeum</strong></span> <span class='ocrx_word' id='word_1_410' title='bbox 258 4615 280 4680; x_wconf 94' lang='lat' dir='ltr'><strong>l.</strong></span> <span class='ocrx_word' id='word_1_411' title='bbox 307 4616 366 4681; x_wconf 94' lang='lat' dir='ltr'>IIII</span> <span class='ocrx_word' id='word_1_412' title='bbox 389 4637 420 4700; x_wconf 91' lang='lat' dir='ltr'><strong>p.</strong></span> <span class='ocrx_word' id='word_1_413' title='bbox 451 4619 555 4684; x_wconf 80' lang='lat' dir='ltr'>133ss</span> <span class='ocrx_word' id='word_1_414' title='bbox 580 4622 634 4697; x_wconf 81' lang='lat'><strong>(92</strong></span> <span class='ocrx_word' id='word_1_415' title='bbox 658 4621 710 4686; x_wconf 92' lang='lat' dir='ltr'><strong>ed.</strong></span> <span class='ocrx_word' id='word_1_416' title='bbox 736 4623 857 4704; x_wconf 83' lang='lat' dir='ltr'><strong>Koek.)</strong></span> 
     </span>
    </p>
   </div>
   <div class='ocr_carea' id='block_1_6' title="bbox 0 0 1640 5176">
    <p class='ocr_par' dir='ltr' id='par_1_6' title="bbox 0 0 1640 5176">
     <span class='ocr_line' id='line_1_41' title="bbox 0 0 1640 5176; baseline 0 1"><span class='ocrx_word' id='word_1_417' title='bbox 0 0 1640 5176; x_wconf 95' lang='lat' dir='ltr'><strong> </strong></span> 
     </span>
    </p>
   </div>
  </div>
 </body>
</html>
