3284 5174
779 301 981 365 ..22-

211 497 360 563 lusciniae
392 500 518 562 cantum
551 498 666 564 litteris
689 500 860 582 exprimere
893 499 998 564 conati
1029 502 1113 565 sunt.
1147 498 1204 564 Est
1236 500 1342 565 autem
1368 500 1544 586 &descriptio

211 604 400 686 Bechsteinl,
433 605 566 671 hominis
599 605 770 671 doctissimi
801 607 967 688 aviumque
997 607 1129 672 naturae
1152 624 1209 671 suc
1232 607 1339 672 aetate
1361 608 1442 671 inter
1465 607 1544 673 Ger·

211 729 321 777 manos
344 713 534 794 peritissimi,
561 714 613 795 qui
635 715 763 777 cantum
785 730 857 778 erun
878 712 966 778 XXV
996 713 1136 778 versibus
1168 714 1320 779 contineri
1352 714 1544 797 aii-apud

212 820 250 884 A.
277 819 458 885 Brehmimn
479 821 513 883 in
536 819 615 884 libro
639 820 691 902 qui
714 821 890 885 inscribitur
913 820 979 885 Das
1001 819 1106 886 Leben
1129 820 1185 886 der
1197 820 1310 903 Vegel,
1327 822 1440 886 emisso
1460 839 1543 886 anno
1628 882 1632 909 ζ

212 925 423 994 MDCCOLXI
445 946 477 1010 p.
506 927 728 993 bea-deinde
759 927 831 991 ltali
854 928 1026 1007 cuiusdam,
1052 929 1104 1010 qui
1126 927 1265 993 libellmn
1288 929 1340 1011 qui
1366 928 1544 993 inscribitur
1608 924 1611 929 ’

211 1035 332 1115 Ruben,
344 1033 589 1116 hilarotragedia
600 1033 858 1117 satiropastorcle
873 1035 976 1100 emisit
985 1034 1123 1099 Parmae-
1135 1053 1165 1099 a.
1180 1034 1369 1111 MDCXIIII,
1381 1053 1544 1117 paucaque
1611 1020 1631 1123 ,¹

211 1142 303 1224 Angli
335 1141 495 1207 cuiusdam
526 1141 670 1223 hominis,
694 1159 774 1223 quae
807 1140 890 1224 apud
917 1139 1120 1225 Blaydesium
1143 1144 1226 1206 sunt.
1254 1140 1312 1223 Qui
1334 1143 1416 1207 inter
1438 1159 1472 1207 se
1495 1143 1544 1206 ita
1604 1170 1608 1177 ·

211 1250 418 1330 consentiunt,
442 1251 477 1312 ut
508 1250 642 1331 primam
664 1248 814 1314 lusciniae
838 1266 946 1313 vocem
968 1247 1103 1313 reddant
1125 1266 1201 1313 sono
1224 1250 1293 1312 tiuu
1316 1248 1380 1330 (vel
1402 1249 1482 1327 tiun,
1507 1252 1545 1313 ut

127 1440 129 1444 v
211 1356 336 1438 Italus);
363 1355 475 1421 deinde
499 1374 568 1421 curn
592 1356 800 1438 Aristophane
824 1356 1020 1420 consentiunt
1043 1355 1083 1421 de
1106 1374 1137 1420 v.
1165 1357 1239 1436 237,
1263 1373 1355 1438 quem
1374 1348 1544 1421 Bechstein
1606 1430 1610 1439 ,

210 1466 256 1528 ita
287 1462 392 1528 reddit
424 1464 469 1526 tio
493 1463 538 1525 tio
561 1463 607 1526 tio
629 1463 674 1526 iio
697 1463 742 1527 tic
765 1463 809 1526 tic
833 1463 878 1527 tio
911 1464 934 1524 t·
960 1512 967 1542 ,
1002 1462 1101 1528 Italus
1133 1464 1295 1545 quinquies
1323 1464 1459 1546 repetito
1483 1465 1543 1544 tio;

210 1589 316 1636 uersus
350 1571 413 1632 243
446 1569 514 1634 loco
546 1569 630 1652 apud
661 1569 883 1634 Bechsteiuum
914 1573 947 1634 et
979 1568 1094 1634 Italum
1122 1572 1171 1635 est
1194 1571 1293 1652 qutio,
1319 1571 1416 1652 qutio,
1441 1572 1543 1652 qutio,
1598 1581 1601 1587 '

88 1680 91 1689 ⁴
211 1679 296 1761 qutio
329 1679 362 1742 et
394 1695 487 1759 nque,
506 1666 604 1759 aquo,
630 1694 720 1759 zquo,
745 1695 837 1759 zqu03
872 1696 901 1742 v.
936 1679 1000 1740 260
1032 1676 1200 1742 Bechstein
1232 1676 1335 1742 reddit
1361 1678 1420 1742 ita:
1454 1696 1544 1743 zorro
1629 1688 1632 1697 ’

211 1805 299 1851 zcrre
323 1803 411 1850 zorre
435 1802 523 1850 zorre
555 1785 598 1863 hi,
631 1804 662 1849 v.
691 1787 753 1847 262
778 1784 810 1848 lii
832 1783 865 1849 lii
887 1784 919 1848 lii
941 1784 973 1848 lii
996 1784 1029 1867 ly
1052 1784 1085 1868 ly
1109 1785 1141 1868 ly
1164 1784 1197 1868 ly
1220 1784 1242 1849 li
1264 1785 1286 1848 li
1308 1784 1331 1848 li
1353 1784 1387 1864 li,
1420 1804 1450 1849 v.
1479 1786 1540 1849 243

211 1895 377 1960 duodecies
399 1896 535 1978 repetita
557 1894 681 1979 syllaba
705 1913 754 1959 zo.

277 2022 313 2087 ln
336 2022 398 2088 oda
422 2040 543 2105 quoque
566 2023 599 2086 ct
623 2021 741 2086 antoda
764 2022 955 2104 parabascos
979 2020 1202 2103 Aristophanes
1225 2020 1351 2085 chorum
1390 2019 1463 2085 facit
1496 2020 1544 2084 lu-

207 2132 326 2197 sciniae
350 2148 458 2195 vocem
480 2130 669 2210 imitantem,
684 2150 715 2193 v.
734 2130 818 2194 enim
843 2130 906 2192 738
930 2130 963 2192 et
987 2128 1052 2191 770
1071 2128 1147 2192 dicit
1170 2125 1213 2188 τιὸ
1236 2126 1278 2188 τιὸ
1301 2126 1344 2188 τιὸ
1366 2125 1409 2189 τιὸ
1432 2125 1474 2188 τιὸ
1497 2127 1543 2189 τιὸ

208 2234 302 2314 ccccii,
335 2257 366 2302 v.
404 2237 465 2300 741
501 2239 534 2302 ei
567 2238 641 2317 744,
677 2238 739 2300 773
772 2238 806 2300 et
839 2236 901 2299 775
935 2233 978 2296 τιὸ
1010 2233 1053 2295 τιὸ
1085 2234 1127 2296 τιὸ
1155 2230 1248 2311 τιοτίξ,
1274 2255 1304 2299 v.
1333 2236 1395 2298 747
1418 2236 1450 2297 et
1475 2235 1541 2296 779

208 2340 563 2420 τοτοτοτοτοτοτοτοτοτὶἕ,
597 2362 677 2427 quae
710 2344 815 2408 omnia
846 2344 944 2407 etiam
979 2344 1079 2424 magis
1116 2341 1304 2425 respondent
1342 2339 1539 2421 descriptioni

209 2453 401 2519 Bechsteini.

275 2579 392 2661 Quibus
413 2579 563 2643 lusciniae
576 2578 701 2643 vocibus
716 2577 940 2660 Aristophanes
951 2577 984 2640 in
1000 2573 1061 2640 fine
1077 2576 1222 2640 carminis
1236 2578 1362 2658 praeter
1376 2574 1543 2656 exspecta-

208 2686 336 2767 tionem,
361 2686 403 2751 ad
424 2687 522 2751 risum
544 2685 743 2764 mouendum,
770 2683 937 2750 absurdam
960 2683 1132 2767 interponit
1145 2701 1253 2748 vocem
1268 2682 1391 2748 surniae
1404 2682 1544 2747 noctuae

208 2794 258 2860 vel
281 2796 386 2878 strigis
409 2792 553 2877 κικκαβαῦ
578 2796 622 2877 (v.
651 2794 742 2876 261).

203 2986 208 2995 ,
274 2920 314 2985 V.
342 2921 405 2983 739
430 2920 541 2984 chorus
565 2919 688 2984 Musam
712 2914 860 3002 λοχμαίαν
884 2917 1023 3001 appellat
1046 2914 1180 3000 ποικίλην
1203 2918 1329 3000 propter
1352 2915 1542 2979 varietatem

207 3031 317 3094 cantus
349 3027 511 3093 lusciniae.
548 3027 697 3092 Aelianus
729 3029 835 3091 autem
867 3026 915 3092 De
947 3028 1016 3092 nat.
1050 3044 1102 3090 an.
1129 3025 1151 3090 l.
1177 3025 1237 3090 XII
1260 3042 1288 3089 c.
1315 3024 1356 3087 28
1380 3018 1401 3105 ἡ
1427 3017 1538 3105 ἀηδών,

207 3135 317 3216 inquit,
343 3131 391 3196 διὰ
414 3139 464 3194 τοῦ
490 3129 595 3216 θέρους
623 3129 846 3215 ...μεταβάλλει
869 3131 901 3194 τὸ
926 3129 1066 3216 φώνημα·
1093 3128 1125 3192 οὐ
1149 3130 1204 3215 γὰρ
1229 3130 1293 3214 ᾅδει
1316 3125 1542 3213 παλυήχωςκαὶ

206 3238 355 3310 ποικίλως.
383 3240 431 3305 Ad
455 3259 547 3323 quem
570 3240 672 3305 locum
694 3240 822 3306 Jacobs:
850 3237 956 3305 ‘uerba
979 3242 1058 3306 haec
1087 3239 1221 3308 colorem
1237 3239 1355 3304 hahent
1370 3237 1542 3321 poeticum,

206 3347 288 3413 unde
312 3350 419 3414 tamen
443 3347 538 3412 ducta
560 3348 634 3428 sint,
650 3366 713 3413 non
735 3344 881 3432 reperio'.
900 3345 949 3412 Ex
967 3348 1104 3413 Homero
1128 3347 1245 3412 scilicet
1268 3347 1301 3410 et
1316 3344 1539 3429 Aristophane.

207 3454 268 3520 Sed
291 3455 313 3520 l.
340 3456 354 3520 Ι
377 3473 405 3520 α.
433 3457 474 3518 43
499 3454 675 3519 cumidem
707 3454 781 3520 dicii
820 3450 941 3538 ὀρνίθων
974 3451 1157 3538 λιγυρωταίτη
1190 3451 1237 3514 καὶ
1270 3448 1458 3534 εὐνουατὰτη,
1493 3449 1542 3512 καὶ

206 3560 326 3643 κατᾴδει
349 3568 404 3623 τῶν
443 3557 592 3645 ἐρημαίων
623 3558 737 3645 χωρίων
766 3557 972 3644 εὖατομώτατα
1008 3557 1129 3645 ὀρνίθων
1153 3557 1201 3621 καὶ
1224 3555 1383 3642 τορωτατα,
1406 3558 1461 3623 ubi
1484 3577 1542 3640 pro

206 3665 384 3752 εὐνουστὰτη
417 3669 557 3734 Herbher
587 3669 664 3751 legii
696 3664 907 3752 εὐμουσατάτη,
942 3665 1125 3752 λιγνρωτάτη
1158 3669 1191 3732 et
1223 3662 1428 3747 εὖατομώτατα
1460 3664 1539 3729 dixit

205 3775 365 3860 Sophoclis
396 3794 524 3857 memor,
558 3775 640 3859 apud
673 3795 764 3860 quem
797 3775 877 3842 Oed.
908 3775 975 3843 Col.
1003 3795 1033 3841 v.
1061 3776 1122 3839 671
1149 3776 1197 3840 est
1221 3772 1238 3835 ἁ
1264 3769 1357 3855 λίγεια
1382 3775 1415 3838 et
1439 3793 1468 3838 v.
1497 3771 1537 3835 18

206 3884 278 3946 ε’ίσω
301 3883 366 3945 κατ’
391 3879 476 3945 αὑτὸν
501 3879 669 3966 εὒατοραῦα’
693 3880 829 3967 ἀηδόνες.

272 4010 414 4092 Denique
441 4009 681 4092 Aristophanem
703 4012 848 4093 spectant
872 4027 977 4075 versus
992 4009 1048 4092 (88
1065 4010 1148 4091 sqq.)
1162 4009 1316 4087 carminis,
1332 4007 1415 4089 quod
1437 4004 1540 4071 'Pheo-

205 4117 272 4181 dori
294 4117 456 4182 Prodrcmi
486 4135 554 4182 esse
577 4119 752 4199 suspicatur
775 4118 814 4182 V.
841 4116 949 4200 Regel,
973 4117 1026 4200 qui
1048 4117 1166 4198 primus
1189 4133 1243 4181 eos
1265 4113 1365 4179 edidit
1386 4115 1421 4178 in
1448 4111 1540 4187 Com·
1613 4194 1616 4199 ,

204 4226 368 4291 mentariis
392 4224 560 4291 Ministerii
582 4225 798 4292 Instructionis
820 4226 962 4307 publicae
985 4223 1212 4306 Petrcpolitani
1234 4241 1265 4288 a.
1292 4221 1414 4302 MCMI,

524 4422 656 4508 ἔφθασεν
679 4420 760 4506 ἡμᾶς
782 4419 803 4505 ἡ
828 4418 907 4504 καλὴ
932 4416 1081 4503 κωμῳδία,

523 4528 628 4602 ξανθὰς
653 4526 842 4616 ἀνυμνήαασα
866 4528 917 4599 τὰς
943 4524 1078 4613 ἀηδόνας,
