3284 5174
870 235 1071 299 ..15-

306 426 419 492 iridum
441 422 559 510 genera
580 430 625 493 ibi
648 429 840 505 efflorescere
863 446 881 493 e
904 430 992 494 tenui
1012 410 1101 512 quasi
1130 429 1195 495 tela
1217 434 1344 496 mentae
1359 430 1523 513 piperitae‚
1539 450 1636 515 propo

306 535 511 619 aequabiliter
534 539 636 603 totum
659 537 720 601 luoi
743 537 843 603 solum
868 516 1006 619 tegente,
1018 556 1082 602 una
1105 556 1175 601 oum
1198 538 1283 604 mille
1307 538 1378 603 aliis
1393 535 1519 618 lloribus
1533 541 1634 603 totam

303 640 416 706 silvam
450 643 643 709 suavissimis
673 643 819 709 odoribus
841 644 1004 728 implente.
1030 644 1124 710 Sicut
1141 648 1247 710 autem
1269 646 1442 711 narcissum
1478 645 1634 708 tazettam

303 747 363 811 Th.
388 747 427 814 de
450 747 621 814 Heldreich
643 755 741 834 negat
763 752 796 815 10
819 770 948 818 numero
972 770 1080 817 earum
1103 769 1171 818 0000
1194 752 1383 835 plantarum,
1407 752 1552 833 quaein
1583 770 1635 813 ru-

302 854 394 936 pibus
416 859 598 939 nasoantur,
624 877 702 941 quas
724 878 757 943 p.
785 860 847 923 545
872 862 1024 941 recenset,
1049 862 1097 926 ita
1118 879 1159 926 ne
1182 878 1304 926 crocum
1328 859 1453 944 quidam
1484 859 1632 936 sativum,

195 990 199 1000 ¹
303 980 395 1046 quem
417 982 450 1047 p.
478 965 541 1028 536
567 965 612 1031 eis
635 966 834 1047 adnumerat,
858 985 938 1048 quae
962 969 995 1032 10
1017 967 1146 1045 collibus
1169 970 1253 1033 sunt.
1279 966 1405 1033 Florere
1429 967 1535 1031 autem
1568 966 1633 1030 tres

302 1067 477 1152 dequibus
511 1072 616 1154 agitur
648 1072 775 1156 plantas
806 1075 839 1137 iu
874 1072 1061 1139 calendario
1089 1074 1171 1156 quod
1194 1076 1287 1140 vocat
1309 1073 1421 1160 Florae
1445 1073 1569 1141 Atticae
1595 1072 1635 1135 ab

302 1177 388 1242 exitu
411 1195 508 1260 usque
531 1181 648 1245 mensis
671 1178 826 1262 Octobris,
849 1182 1022 1246 narcissum
1045 1182 1217 1263 serotinum
1240 1183 1273 1245 01
1292 1180 1635 1245 narcissumtazettam

301 1284 394 1365 (quae
417 1282 546 1367 plantae
569 1305 602 1351 0.
631 1288 715 1351 1009
739 1289 772 1351 et
798 1288 883 1351 1010
906 1290 979 1352 sunt
1001 1272 1144 1370 notatae)
1168 1306 1264 1371 usque
1286 1287 1328 1352 ad
1342 1286 1481 1370 medium
1495 1303 1634 1351 mensem

301 1390 520 1474 Nouembrem,
540 1411 663 1460 crocum
675 1394 721 1477 (0.
738 1396 835 1478 1025)
847 1413 944 1477 usque
960 1393 1003 1460 ad
1020 1395 1158 1462 medium
1169 1395 1386 1461 Decembrem.
1401 1393 1635 1478 Theophrastus

210 1539 219 1550 ·
300 1502 414 1567 autem
430 1504 540 1567 auctor
562 1504 612 1567 est
634 1502 656 1567 l.
683 1502 728 1567 Vl
750 1520 778 1568 0.
805 1504 824 1566 8
848 1505 983 1586 primum
1012 1503 1124 1581 llorere
1154 1499 1297 1585 λεοκὸιον,
1324 1502 1524 1568 Matthiolam
1546 1503 1634 1568 inca-

299 1624 386 1685 nam,
412 1606 526 1673 deinde
551 1604 671 1692 φλόγιον
693 1607 727 1670 τὸ
751 1608 847 1693 ἄγριον
872 1609 997 1676 Silenen
1020 1611 1245 1695 vespertinam,
1270 1613 1342 1694 post
1363 1611 1397 1675 id
1420 1606 1570 1694 νάρκισσον
1585 1608 1634 1671 καὶ

299 1711 417 1798 λείριον.
443 1715 584 1797 Denique
617 1712 734 1800 οὐρανία
767 1715 847 1800 ἄχνη
871 1716 1045 1799 explicatur
1068 1718 1236 1783 Homerico
1259 1735 1350 1782 versu
1373 1718 1425 1800 qni
1448 1718 1496 1782 est
1520 1713 1580 1780 Od.
1607 1715 1631 1781 l.

298 1821 374 1887 XIII
399 1825 461 1888 245
487 1820 533 1885 ἀεὶ
557 1823 583 1884 δ’
606 1821 712 1907 ὄμβρος
737 1821 802 1906 ἔχει
824 1820 971 1886 τεθαλυῖά
994 1824 1019 1884 τ’
1043 1819 1133 1908 ἐέρση
1157 1823 1227 1889 0011.
1254 1823 1291 1889 11.
1317 1823 1340 1888 l.
1366 1822 1458 1889 XIIII
1496 1842 1526 1886 0.
1568 1823 1630 1887 351

299 1925 460 1992 ἀπέπιπτον
485 1930 594 2014 ἔερσαι.

365 2055 490 2121 Addere
513 2055 618 2134 110001,
645 2055 692 2119 St.
719 2053 895 2121 Fellnerum
929 2057 962 2120 in
984 2054 1090 2121 libello
1113 2055 1153 2121 de
1175 2054 1304 2121 floribus
1326 2054 1510 2134 Homericis
1535 2053 1631 2118 Vien—

296 2181 358 2228 nae
381 2162 464 2230 foras
487 2162 576 2243 dato,
601 2183 633 2246 p.
662 2164 714 2244 52,
738 2181 808 2228 cum
842 2162 939 2227 lilium
972 2163 1078 2228 album
1099 2181 1254 2246 nusquam
1276 2165 1387 2247 sponte
1411 2163 1543 2241 creseat,
1571 2155 1627 2223 λεί-

298 2292 370 2354 ριον,
395 2270 555 2354 01100011
588 2269 720 2336 refertur
754 2270 955 2337 Homericum
989 2266 1122 2355 λειριὸεις
1149 2269 1186 2337 Il.
1222 2270 1245 2335 1.
1282 2270 1387 2339 ΙΠ’0.,
1411 2271 1473 2333 152
1498 2265 1627 2335 0111111

297 2397 328 2442 0.
355 2379 432 2458 830,
459 2376 593 2443 eundem
625 2395 694 2443 esse
726 2376 833 2442 florem
863 2380 959 2460 atque
982 2379 1154 2444 narcissum
1177 2376 1336 2442 arbitrari.
1362 2376 1500 2458 Dignum
1522 2375 1628 2439 autem

297 2487 486 2564 memoratu,
512 2486 571 2551 hoc
593 2486 658 2550 iam
681 2485 766 2568 apud
789 2488 912 2550 0010000
934 2486 1080 2565 10000100
1107 2484 1221 2567 legitur
1250 2485 1333 2549 enim
1365 2482 1449 2566 apud
1472 2482 1627 2548 Dioscori-

297 2590 368 2655 dem
392 2591 432 2657 de
455 2594 534 2656 nrat.
561 2592 645 2657 med.
671 2592 694 2657 l.
720 2591 781 2657 IIII
804 2610 832 2658 c.
861 2593 923 2657 158
948 2591 1014 2674 (ed.
1040 2592 1217 2675 Sprengel.)
1241 2590 1310 2653 ἔνιοι
1333 2597 1434 2652 τοῦτον
1465 2588 1526 2673 (τὸν
1559 2585 1627 2672 adp

297 2698 407 2781 κιοοον)
433 2696 538 2783 λείριον
563 2695 719 2776 ἐκάλεσαν,
736 2703 769 2764 01
791 2701 825 2764 10
840 2698 983 2765 Erotiani
999 2717 1109 2765 vocum
1125 2699 1419 2783 Hippocraticarum
1435 2695 1626 2763 conlectione

296 2807 371 2888 (reo.
398 2807 424 2871 Ι.
450 2807 556 2872 Klein.
581 2828 613 2891 p.
641 2809 696 2890 94)
720 2803 830 2890 Νίγρος
854 2803 886 2869 ἐν
909 2813 949 2887 τῷ
972 2806 1038 2891 περὶ
1061 2805 1135 2889 ὅλης
1159 2805 1231 2891 φησί
1254 2805 1302 2868 καὶ
1325 2804 1373 2867 τὸν
1392 2802 1538 2889 νάρκισσον
1553 2822 1621 2884 παρ,

296 2909 382 2982 ἐνίοις
406 2909 512 2997 λείριον
535 2912 707 2979 καλεῖσθαι.
1576 2944 1579 2951 ·

362 3038 398 3102 In
420 3038 646 3121 Aristophanis
668 3040 787 3105 Avibus
809 3039 942 3105 luscinia
964 3058 1043 3105 uxor
1064 3043 1114 3106 001
1137 3038 1263 3108 ἔποπος.
1284 3035 1373 3120 00001
1405 3053 1519 3101 nomeu
1552 3034 1623 3098 huic

294 3144 429 3210 inditum
453 3164 521 3212 esse
545 3164 565 3211 0
588 3165 664 3213 voce
687 3143 780 3230 ‘hup',
804 3165 898 3230 quam
922 3147 963 3212 ad
986 3149 1103 3213 coitum
1126 3149 1211 3213 ciens
1230 3146 1378 3211 feminam
1394 3143 1442 3209 vel
1459 3145 1499 3210 de
1514 3139 1625 3221 eodem

293 3270 364 3318 cum
387 3252 450 3319 alio
473 3271 560 3336 mare
584 3254 776 3320 contendens
798 3257 950 3338 perpetuo
974 3254 1051 3335 edit,
1074 3255 1197 3340 physici
1219 3255 1337 3321 dicunt.
1363 3253 1461 3336 quue
1492 3270 1563 3317 cum
1583 3248 1627 3316 ad

294 3360 375 3426 alios
396 3359 537 3445 populos
561 3363 628 3425 tum
651 3359 693 3426 ad
715 3361 854 3427 Graecos
876 3365 962 3427 recte
985 3361 1093 3427 referri
1115 3363 1182 3446 ipse
1198 3362 1424 3444 Aristophanes
1443 3360 1545 3426 docet.
1563 3358 1625 3423 Η10

293 3468 471 3534 enimcum
495 3469 554 3533 Av.
580 3488 611 3533 v.
639 3469 680 3533 57
704 3467 871 3552 Euelpides
894 3486 1034 3552 puerum,
1061 3472 1096 3534 ut
1117 3470 1246 3535 ianuam
1268 3486 1393 3552 upupae
1406 3467 1541 3552 aperiat,
1560 3465 1625 3531 cla

292 3576 440 3655 macerit,
465 3575 682 3640 Pithetaerum
713 3575 833 3641 inducit
864 3594 936 3640 eum
967 3577 1194 3660 increpantem,
1221 3575 1303 3658 quod
1336 3581 1404 3654 παῖ,
1430 3593 1492 3639 000
1516 3569 1623 3633 ἐποποῖ

293 3679 420 3762 dixerlt3
446 3682 500 3764 qui
523 3700 593 3747 oum
619 3681 666 3746 illi
688 3682 853 3748 obsecutus
875 3683 929 3764 011,
955 3700 1062 3749 000000
1085 3683 1251 3765 intellegit,
1269 3677 1486 3763 alabastritae
1502 3678 1618 3745 vocari:

293 3789 400 3872 Neque
415 3807 497 3854 0000
521 3790 698 3855 consentire
720 3789 823 3855 solent
846 3791 906 3855 0101
929 3790 1014 3856 docti
1037 3791 1076 3856 de
1099 3790 1310 3874 appellatione
1340 3788 1429 3852 huius
1452 3790 1521 3852 avis
1544 3783 1622 3851 Gor·

292 3899 428 3977 manica;
455 3897 561 3962 dicunt
584 3898 668 3962 enim
691 3916 763 3963 eam
785 3916 806 3963 0
828 3897 940 3964 Wiede
962 3901 996 3964 et
1018 3898 1133 3983 hiipfen
1155 3900 1178 3963 i.
1204 3915 1234 3963 e.
1260 3895 1384 3962 001100
1415 3896 1447 3959 et
1479 3891 1624 3959 saliendo

292 4021 361 4070 0000
383 4004 599 4088 repetendam.
625 4005 667 4070 At
690 4022 760 4070 0000
783 4006 822 4070 A.
849 4006 965 4071 Brehm
987 4009 1096 4071 auctor
1118 4006 1161 4070 sit
1193 4021 1329 4088 upupam
1362 4002 1442 4066 bene
1475 4001 1623 4065 incedere

292 4116 325 4180 et
347 4113 505 4196 gradatim
527 4131 627 4196 neque
657 4114 762 4196 salire,
787 4115 852 4179 veri
885 4114 1018 4180 similius
1052 4113 1205 4192 duxerim,
1231 4111 1405 4176 Germanos
1438 4107 1516 4172 illud
1549 4107 1621 4170 huic

291 4221 344 4285 avi
366 4237 480 4286 nomen
502 4220 663 4302 indidisse,
688 4239 758 4286 omn
780 4221 814 4285 in
836 4221 923 4286 silvis
946 4220 1033 4285 illam
1056 4235 1164 4284 vocem
1186 4215 1274 4283 edat.
1300 4216 1346 4282 Ut
1368 4217 1451 4281 enim
1484 4215 1518 4278 10
1539 4209 1618 4274 0100-

291 4327 399 4393 mania
422 4345 492 4393 eam
522 4328 577 4393 illa
600 4329 679 4409 loca,
702 4330 756 4394 ubi
788 4330 907 4411 campis
940 4330 974 4393 et
1007 4328 1107 4409 pratis
1140 4324 1271 4390 silvulae
1305 4323 1506 4389 intermixtae
1537 4314 1616 4392 sint,

292 4452 399 4500 amare
422 4435 461 4500 A.
487 4433 602 4500 Brehm
625 4436 713 4516 dicit,
738 4437 786 4500 ita
800 4437 833 4499 10
849 4434 984 4500 Graecia
1001 4437 1124 4499 montes
1139 4436 1177 4498 -et
1201 4432 1298 4499 011000
1308 4427 1495 4497 Aristoteles
1510 4421 1616 4490 Anim.
