3270 5176
756 353 954 420 ..1,

186 545 321 614 lomelae
344 547 430 633 ltpli;
456 568 557 632 neque
580 552 663 615 enim
687 550 814 616 dubium
837 569 905 617 esse
920 554 1025 636 potest
1041 552 1115 634 quin
1131 551 1209 617 haec
1224 552 1265 616 sit
1281 554 1522 634 onomatopoeia

187 654 373 739 Graecique,
408 675 476 722 oum
509 659 541 720 in
564 661 659 722 cantu
682 657 829 723 lusciniae
852 677 946 724 sonus
968 659 1162 743 potissimum
1185 660 1218 724 iu
1240 658 1290 724 uel
1312 660 1343 723 io
1367 658 1408 724 ad
1431 675 1522 724 aures

188 779 294 827 eorum
319 763 477 844 acciderit,
503 762 575 829 inde
598 782 711 828 nomen
735 763 831 835 Ἴτοος
855 765 904 830 vel
935 763 1048 827 Ἰτὺλοο
1072 769 1234 848 totamque
1258 765 1297 831 de
1326 767 1426 831 occiso
1449 765 1521 828 Phi-

186 867 320 935 lomelae
344 868 407 934 filio
430 869 575 935 finxerint
598 870 747 938 fabulam.
774 873 835 937 Hic
857 874 939 938 enirn
963 891 1056 938 sonus
1078 872 1191 937 nullius
1214 875 1282 938 avis
1300 872 1522 937 nisilusoiniae

187 976 311 1041 videtur
332 980 474 1061 proprius
497 997 578 1044 esse.
595 979 643 1044 De
666 998 728 1061 qua
750 998 784 1045 re
808 979 845 1045 O.
869 979 977 1045 Keller
1000 980 1145 1046 disseruit
1167 982 1200 1045 in
1222 980 1275 1045 illo
1298 980 1377 1045 libro
1401 981 1453 1063 qui
1476 981 1523 1042 in-

187 1084 332 1148 scribitur
354 1084 465 1150 'lhiere
488 1085 543 1151 des
567 1085 754 1151 classischen
776 1085 970 1152 Alterthums
993 1090 1054 1153 etc.
1087 1087 1253 1172 Oeniponti
1284 1086 1366 1153 foras
1390 1086 1465 1151 dato
1489 1104 1520 1151 a.

188 1189 505 1258 MDOCOLXXXVII
528 1213 558 1276 p.
585 1194 658 1257 317.
684 1192 772 1257 Idem
795 1193 834 1258 de
857 1191 987 1259 luscinia
1010 1194 1150 1279 disputat
1172 1213 1192 1260 a
1215 1215 1245 1278 p.
1275 1196 1338 1258 304
1361 1211 1459 1276 usque
1484 1192 1523 1258 ad

188 1317 220 1379 p.
249 1299 313 1361 320
337 1301 369 1363 et
392 1317 412 1363 a
435 1319 467 1382 p.
493 1300 557 1362 462
582 1317 679 1382 usque
703 1299 743 1364 ad
767 1319 799 1383 p.
832 1302 897 1364 468
930 1321 1037 1367 omnes
1070 1303 1153 1367 locos
1188 1302 1325 1384 collegit,
1361 1303 1415 1365 ubi
1445 1301 1525 1373 baec

189 1406 256 1469 avis
280 1405 362 1488 apud
388 1408 509 1471 veteres
531 1408 698 1471 invenitur.
735 1407 840 1490 Nuper
863 1407 902 1473 de
926 1408 1037 1474 eadem
1060 1428 1094 1475 re
1117 1410 1239 1494 scripsit
1271 1410 1310 1474 h.
1345 1408 1525 1489 Piscbinger

132 1522 157 1554 ς
189 1513 412 1578 commentario
436 1514 489 1597 qni
510 1514 687 1578 inscribitur
708 1515 772 1579 Der
795 1513 1014 1598 Vogelgesang
1036 1516 1087 1580 bei
1110 1515 1171 1581 den
1195 1515 1406 1598 griechischen
1430 1513 1523 1578 Diab-

189 1623 259 1685 tem
283 1619 338 1684 des
361 1619 553 1686 idassisohen
568 1620 750 1702 hltertums,
773 1625 999 1704 programmati
1022 1622 1186 1706 Gymnasii
1208 1623 1466 1689 Eiohstaettensis
1490 1640 1521 1686 a.

189 1725 372 1793 mmccccl
396 1727 515 1808 addito.
541 1727 619 1810 Ego,
642 1746 682 1794 ne
705 1728 815 1811 longus
838 1731 906 1811 sim,
931 1731 1181 1796 commemorabo
1196 1731 1253 1794 hos
1268 1729 1361 1794 locos.
1379 1726 1524 1811 Aeschyli

190 1836 302 1918 algam.
329 1855 360 1899 v.
389 1837 473 1899 1142
499 1838 547 1900 est
579 1833 658 1898 Ἴτυν
681 1832 762 1898 Ἴτυν
786 1833 915 1897 οτένουο’
938 1833 1097 1921 ἀμφιθαλῆ
1122 1833 1349 1919 κακοῖςόἰηδὼν
1374 1833 1447 1921 βίον.
1469 1834 1524 1899 SO-

189 1943 308 2026 phoolis
330 1943 379 2008 El.
406 1963 436 2008 v.
467 1945 528 2008 148
553 1940 571 2005 ἃ
594 1941 675 2005 Ἴτυν
700 1940 762 2006 αἰὲν
785 1942 864 2009 Ἴτυν
888 1941 1074 2029 ὀλοφύρεται,
1098 1945 1173 2029 ὅρνις
1197 1940 1371 2026 ἀτυζομένα,
1392 1942 1458 2012 Διὸς
1474 1941 1525 2024 ἄγ-

189 2051 289 2134 γελος.
313 2035 472 2134 Euripidis
494 2050 700 2117 Phaethontis
723 2050 835 2134 fragm.
862 2054 925 2115 773
951 2072 982 2117 v.
1009 2055 1050 2117 23
1075 2049 1183 2136 μέλπει
1206 2050 1232 2114 δ’
1259 2048 1290 2113 ἐν
1314 2047 1445 2135 δένδρεον
1476 2050 1526 2110 λε-

189 2157 264 2221 ardo
289 2154 388 2244 ἀηδὼν
413 2155 552 2242 ἁρμονίαν
575 2153 775 2242 ὀρθρευομένα
798 2155 876 2242 χὸοις
899 2157 979 2230 Ἴτυν
1002 2157 1084 2221 Ἴτυν
1117 2155 1316 2243 πολύθρηνον.
1342 2157 1526 2240 Aristopha-

188 2267 237 2331 nis
260 2266 320 2331 AV.
346 2284 377 2331 v.
404 2267 466 2330 211
493 2264 540 2327 διὰ
564 2261 645 2327 θείου
670 2263 813 2349 στὸματος
837 2264 961 2350 θρηνεῖς
984 2265 1033 2328 τὸν
1069 2263 1140 2348 ἐμὸν
1176 2264 1224 2328 καὶ
1259 2263 1307 2328 οὸν
1341 2259 1525 2346 πολύδακρυν

189 2371 280 2435 Ἴτυν.
306 2373 350 2439 Ut
375 2376 521 2438 autema
553 2372 682 2439 Graecis
705 2374 788 2458 apud
812 2393 906 2438 unum
930 2374 1114 2454 Homerum,
1150 2375 1237 2439 itae
1260 2373 1408 2438 Romanis
1442 2367 1526 2454 apud

62 2558 67 2575 .
189 2500 285 2547 unum
308 2479 466 2546 Catullum
489 2498 517 2546 o.
544 2465 638 2546 va'
653 2501 683 2546 v.
712 2482 752 2545 13
777 2477 934 2546 invenitur
957 2481 1066 2564 Itplus,
1098 2480 1180 2564 apud
1214 2478 1358 2546 Ovidium
1390 2477 1523 2542 Metam.

189 2589 212 2654 l.
238 2588 253 2653 1
277 2608 307 2653 v.
334 2591 412 2686 412,
437 2587 482 2652 Vl
505 2608 536 2652 ν.
564 2589 787 2669 assotana,
813 2588 944 2654 Heroid.
969 2588 1028 2653 XV
1053 2609 1083 2654 v.
1116 2589 1199 2668 153,
1227 2588 1378 2654 Senecam
1411 2584 1523 2674 algam.

190 2716 221 2761 v.
249 2698 310 2761 671
337 2695 422 2780 Ityn,
447 2713 602 2778 nusquam
625 2697 831 2777 geminatum.

256 2803 346 2886 Fingi
369 2806 475 2869 autem
497 2802 552 2868 illa
574 2802 680 2868 fabula
702 2802 805 2888 potuit
827 2822 890 2869 non
913 2805 972 2869 nisi
996 2805 1036 2869 ab
1068 2805 1125 2884 eis,
1161 2804 1213 2886 qui
1241 2803 1401 2884 utriusque
1434 2815 1527 2864 sexus

55 2898 61 2907 ’
190 2909 337 2976 luscinias
359 2927 472 2975 canere
495 2909 740 2975 arbitrabantur.
767 2910 870 2992 Atque
893 2909 1063 2975 arbitratos
1085 2910 1144 2975 hoc
1169 2927 1237 2975 esse
1262 2910 1383 2973 veteres
1406 2907 1526 2970 testan-

190 3014 513 3094 circinnatores,
539 3018 591 3101 qur
616 3017 718 3082 num.
744 3017 828 3083 Hrst.
854 3017 876 3082 r.
903 3017 948 3082 111
970 3035 998 3083 ο.
1026 3019 1044 3080 o
1069 3017 1087 3100 q
1112 3017 1174 3081 roo
1199 3012 1298 3098 οηοοι
1323 3013 1396 3096 ᾄδει,
1415 3008 1525 3096 inquit,

190 3125 240 3186 καὶ
263 3123 277 3185 ὁ
302 3123 394 3208 ἄρρην
418 3123 466 3185 καὶ
488 3120 509 3206 ἡ
533 3119 651 3207 θήλεια,
676 3120 755 3206 πλην
772 3120 792 3207 ἡ
808 3120 918 3208 θήλεια
934 3120 1058 3186 παίνεται
1074 3121 1142 3185 ὅταν
1159 3119 1282 3205 ἐπῳάζῃ
1298 3119 1396 3183 καὶτὰ
1413 3115 1525 3181 νεόττια

191 3231 263 3316 ἔχη,
290 3235 323 3297 et
345 3231 484 3313 Plinius,
501 3232 553 3314 qui
577 3231 651 3296 Nat.
678 3231 761 3296 Hist.
787 3231 810 3296 l.
836 3231 882 3296 Xl
905 3249 933 3296 c.
961 3233 999 3294 51
1019 3231 1036 3314 ξ
1054 3232 1117 3294 268
1144 3227 1222 3296 ‘aliis
1237 3229 1395 3313 (avibusl',
1412 3228 1524 3311 inquit,

191 3338 314 3407 ‘eadem
338 3340 426 3423 (vox)
451 3342 484 3404 et
506 3338 640 3419 feminis
666 3342 702 3404 ut
724 3340 923 3405 lusciniarum
944 3338 1070 3420 generi'.
1088 3338 1230 3403 Maioma
1244 3337 1337 3405 inerit
1350 3354 1455 3402 rorum
1470 3352 1527 3398 na

128 3509 132 3515 .
191 3449 281 3513 turae
313 3448 426 3531 peritia
460 3448 492 3510 in
514 3445 658 3512 Phaedro
682 3449 714 3511 et
738 3446 867 3527 Seneca,
891 3463 961 3510 cum
984 3445 1068 3529 apud
1091 3449 1256 3528 utriunque
1279 3445 1402 3526 legatur
1427 3440 1527 3507 ‘lusoi-

191 3554 269 3619 nius'
294 3553 369 3637 (fab.
395 3553 419 3619 l.
445 3553 489 3618 ΙΙΙ
513 3573 542 3618 v.
572 3554 612 3617 18
636 3556 669 3617 ot
692 3552 794 3636 Epist.
821 3553 862 3616 75
887 3552 905 3635 ἓ
929 3554 976 3636 9),
1003 3570 1044 3617 an
1067 3553 1100 3616 hi
1122 3551 1247 3635 quidem
1280 3552 1328 3616 ita
1349 3551 1412 3614 sint
1434 3546 1527 3613 intel-

192 3661 327 3744 legendi,
351 3664 387 3725 ut
411 3661 514 3725 dicere
539 3660 702 3742 voluerint,
726 3679 790 3725 non
812 3660 912 3725 solmn
935 3658 1092 3737 feminam,
1117 3658 1177 3725 sed
1195 3675 1315 3723 marem
1338 3673 1459 3740 quoque
1474 3672 1526 3719 oa-

192 3787 277 3851 nore,
301 3770 463 3834 incertum.
488 3768 576 3832 Nunc
597 3769 705 3850 utique
729 3769 863 3848 constat,
887 3785 982 3831 unum
1004 3784 1125 3831 marem
1148 3782 1270 3845 canere,
1294 3762 1439 3828 feminam
1455 3763 1527 3825 tan-

192 3881 259 3942 tum
283 3876 446 3942 fritinnire.

259 3985 370 4069 ltaque
393 3986 467 4067 quin
490 3983 658 4049 Homerica
682 3979 783 4064 ἀηδὼν
805 3981 936 4049 luscinia
967 3983 1020 4061 sit,
1055 3983 1181 4046 minime
1214 3979 1341 4044 dubium
1372 3980 1432 4043 est.
1465 3974 1528 4040 Sed

193 4094 291 4158 oritur
314 4092 467 4174 quaestio,
495 4089 568 4174 quid
583 4092 632 4154 sit
655 4087 796 4173 χλωρηίς.
823 4091 870 4155 De
894 4107 956 4172 quo
978 4107 1013 4154 re
1034 4089 1099 4153 iam
1122 4090 1244 4153 veteres
1261 4084 1458 4168 grammatici
1472 4080 1527 4145 du-

192 4201 346 4264 bitarunt.
372 4197 429 4263 Est
453 4198 536 4263 enim
558 4198 592 4261 in
614 4197 739 4262 scholiis
762 4194 827 4279 ἤτοι
851 4192 883 4257 ἐν
907 4197 1039 4280 χλωροῖς
1062 4194 1161 4279 ὄρνεον
1185 4189 1368 4277 διατρίβουσα
1389 4191 1464 4272 (non
1480 4187 1527 4251 di·

194 4310 235 4373 cit
259 4304 433 4390 διατρῖβον)·
460 4303 526 4388 ἤτοι
549 4302 610 4387 ἅμα
634 4310 697 4374 τοῖς
720 4305 850 4388 χλωροῖς
874 4299 1051 4388 φαινομένη·
1077 4300 1162 4386 ἔαρος
1185 4299 1241 4385 γὰρ
1265 4296 1410 4384 φαίνεται.
1435 4293 1456 4378 ἢ
1480 4292 1526 4355 διὰ

194 4415 226 4477 τὸ
250 4421 367 4499 χρῶμα.
393 4412 442 4476 καὶ
470 4411 548 4497 παρὰ
573 4410 737 4496 Σιμωνίδην
761 4411 794 4474 δὲ
818 4409 1028 4496 χλωραὺχενες
1052 4406 1187 4493 λέγονται
1210 4407 1239 4471 αἱ
1255 4403 1391 4491 ἀηδόνες.
1408 4401 1527 4468 Eadem

194 4523 258 4588 fere
290 4522 435 4604 leguntur
467 4521 550 4605 apud
582 4520 780 4604 Apollonium
811 4519 908 4602 Soph.
934 4519 1011 4584 Iex.
1037 4517 1132 4582 Hom.
1159 4513 1290 4579 ἀπὸτοῦ
1314 4508 1480 4598 χρώματος.
1505 4506 1527 4590 ἢ

195 4627 241 4690 διὰ
265 4626 297 4690 τὸ
321 4623 354 4690 ἐν
377 4628 507 4712 χλωροῖς
531 4623 652 4709 διάγειν.
680 4627 793 4693 Incerti
809 4627 910 4708 igitur
932 4629 1036 4705 erant,
1061 4629 1164 4690 utrum
1188 4622 1227 4689 1111
1263 4620 1411 4688 lusciniae
1445 4616 1528 4682 0010·
