3284 5174
709 274 953 381 '-1·2-

186 508 244 572 hoo
266 508 424 573 invenitur
447 509 530 592 apud
553 510 752 593 Apollonium
775 511 932 576 Rhodium
970 511 1087 594 Argon.
1113 512 1177 577 l.I
1210 532 1240 578 v.
1275 514 1337 577 351
1372 515 1405 578 et
1436 513 1522 597 apud

122 638 125 644 ·
186 613 363 698 Oppianum
386 616 527 682 Helieut.
553 617 575 682 l.
602 618 633 682 ΙΙ
655 638 686 684 ν.
713 621 776 684 223
801 621 834 684 ei
856 619 885 684 V
908 638 939 684 ν.
968 620 1043 699 172,
1069 618 1109 685 de
1132 615 1263 703 τρόπεον,
1296 616 1518 704 παρατροπέων,

184 719 389 805 περιτροπέων,
406 720 644 809 περιτροπέοντες
659 728 766 791 eutem
780 725 819 792 A.
838 726 947 792 Nauck
961 728 1026 809 egit
1041 728 1074 791 in
1090 726 1178 793 Actis
1196 726 1387 793 Academiae
1410 727 1520 793 Petro·
1574 740 1576 748 ’

71 902 93 915 γ,
183 829 342 913 politanae
366 850 446 914 quae
469 833 679 898 insoribuntur
702 833 864 916 Melanges
888 833 1175 901 Greoo-Romaines
1198 835 1261 902 vol.
1290 834 1351 901 IIII
1384 855 1417 919 p.
1457 837 1519 900 580

90 953 93 962 “
184 931 408 1021 sqq.-iamen
431 943 523 1006 ianm
546 941 671 1008 videtur
692 943 864 1008 neeessitas
887 956 1057 1025 agnoscere
1079 943 1209 1009 Homeri
1220 944 1254 1008 in
1265 944 1325 1009 hoo
1348 961 1522 1028 quoquere

66 1112 69 1116 Δ
183 1045 406 1126 imitationem,
432 1049 467 1128 ui
489 1050 601 1113 auctor
623 1049 733 1133 hymni
755 1066 889 1114 novasse
912 1049 976 1114 vim
999 1050 1089 1116 huius
1113 1051 1201 1117 verbi
1223 1051 1266 1116 sii
1288 1049 1474 1117 credendus.

250 1153 370 1219 Eadem
393 1155 475 1220 ratio
499 1156 541 1221 od
564 1155 641 1221 duos
664 1155 745 1222 alios
767 1157 858 1222 huius
881 1157 990 1242 hymni
1013 1157 1099 1224 looos
1121 1158 1270 1241 pertinet.

196 1278 200 1286 ’
249 1259 307 1328 uso
330 1263 415 1328 enim
438 1281 469 1329 ν.
499 1265 539 1329 14
562 1268 568 1283 “

607 1418 672 1487 τότε
696 1426 721 1487 δ’
745 1424 867 1510 ἕσπερος
896 1426 1021 1509 ἔκλαγεν
1045 1421 1117 1503 οἷος,

182 1602 284 1667 neque
308 1585 429 1667 dubito,
452 1589 528 1670 quin
551 1587 591 1654 G.
618 1588 780 1654 Hermann
807 1591 892 1654 reete
924 1589 1100 1655 restituerit
1130 1580 1204 1658 οἶος.
1238 1588 1300 1654 Sed
1333 1607 1522 1673 quamquam

184 1691 304 1776 ἕσπερος
327 1711 390 1758 non
423 1694 545 1761 redolet
568 1695 750 1776 Homerum,
774 1697 827 1779 qui
851 1692 984 1779 ἑσπέριος
1008 1695 1085 1761 dicit
1109 1695 1169 1762 Od.
1205 1696 1227 1760 l.
1247 1696 1352 1761 .VIHI
1384 1716 1414 1762 ν.
1441 1699 1518 1775 336,
1598 1758 1600 1765 s

182 1801 290 1865 tamen
306 1819 344 1866 eo
359 1803 461 1885 magis
478 1794 540 1872 οἶος
556 1820 596 1868 ex
616 1803 783 1868 Homerino
807 1821 894 1868 more
916 1803 1163 1885 intellegendum
1187 1820 1255 1869 esse
1279 1820 1402 1885 oenseo,
1425 1805 1522 1886 atque

183 1924 222 1972 en
236 1907 362 1990 quidem
376 1911 545 1990 sententia,
562 1928 656 1993 quam
671 1910 827 1976 Homerus
840 1911 912 1975 hqu
928 1910 1080 1976 vocabulo
1092 1909 1219 1976 subesse
1232 1909 1298 1974 vult
1310 1908 1348 1974 II.
1363 1908 1385 1974 l.
1400 1909 1524 1974 XXIIII

183 2035 214 2080 v.
241 2017 304 2079 499
329 2013 360 2085 ὃς
384 2012 417 2077 δέ
441 2040 489 2098 μοι
513 2009 576 2087 οἶος
601 2016 654 2100 ἔην
677 2019 700 2082 i.
728 2036 757 2082 e.
784 2015 887 2102 ἔξοχος
911 2017 1022 2082 ἄλλων.
1181 2101 1184 2106 ‚

249 2121 349 2188 Versu
373 2123 506 2207 denique
531 2127 572 2189 33
597 2125 712 2208 Iegiiur
734 2126 768 2188 in
791 2125 879 2191 libris
901 2143 998 2190 manu
1020 2121 1146 2208 seriptis
1238 2176 1240 2180 .

571 2299 648 2364 θάλε
672 2301 728 2386 γάρ
752 2278 843 2371 πόθος
873 2301 957 2386 όγρός
986 2297 1133 2382 ἐπελθόν,

182 2482 277 2563 atque
300 2482 381 2546 siout
405 2477 542 2542 ἐπελθὼν
566 2482 608 2547 ad
631 2482 807 2565 exemplum
830 2481 960 2547 Homeri
983 2481 1098 2546 unitur
1121 2479 1182 2546 Od.
1195 2481 1273 2544 'IV
1297 2494 1328 2546 ν.
1344 2482 1407 2543 472
1433 2477 1522 2548 ὕπνος

183 2583 314 2670 ἐπέλθῃ,
351 2589 373 2652 l.
399 2589 445 2654 XI
478 2609 509 2653 ν.
541 2591 605 2653 200
641 2596 739 2658 νοῦσος
774 2584 935 2673 ἐπήλυθεν,
970 2589 1017 2654 iia
1039 2589 1143 2672 priore
1178 2607 1300 2672 quoque
1318 2587 1427 2654 'verbo
1450 2587 1522 2651 imi-

181 2697 336 2762 tationem
360 2696 490 2762 Homeri
513 2698 666 2762 eontineri
688 2698 755 2761 veri
777 2696 878 2762 siinile
902 2700 961 2762 esi.
993 2696 1139 2778 Legimus
1173 2698 1280 2760 autem
1316 2713 1385 2760 enm
1420 2692 1522 2777 ἵμερος

183 2800 248 2886 ᾕρει
263 2802 323 2869 Od.
342 2803 364 2867 I.
383 2803 474 2869 XXII
489 2824 520 2868 v.
540 2806 616 2884 500,
638 2802 701 2864 ἕλοι
724 2799 816 2873 πόθος
839 2804 861 2868 l.
884 2803 948 2868 'IIII
973 2824 1002 2867 ν.
1031 2805 1105 2883 596,
1129 2798 1220 2872 πόθος
1244 2802 1359 2864 αἴνυται
1382 2800 1404 2864 l.
1430 2800 1522 2865 XIIII

183 2928 213 2974 v.
243 2910 315 2985 144,
336 2904 416 2991 ποθὴ
431 2907 522 2976 ἵξεται
538 2910 576 2974 II.
595 2910 617 2975 l.
636 2911 650 2975 l
666 2931 696 2976 ν.
718 2913 794 2990 240,
811 2913 878 2975 ium
894 2906 1014 2988 πένθεϊ,
1032 2909 1104 2994 ἄχεϊ
1120 2903 1319 2992 βεβολημένος
1336 2908 1373 2971 II.
1390 2907 1412 2970 l.
1432 2906 1522 3004 VIIII
1615 2894 1616 2899 ό

183 3035 213 3080 ν.
241 3019 259 3080 3
285 3019 317 3082 et
341 3018 373 3096 9,
400 3015 460 3082 Od.
487 3017 509 3082 l.
535 3017 564 3082 X
589 3038 619 3083 ν.
647 3020 724 3098 247;
749 3020 856 3102 itaque
879 3018 1038 3101 scripsisse
1061 3020 1138 3100 puto
1160 3018 1291 3099 poetam
1400 3025 1401 3028 ’
1432 3017 1434 3020 ’

698 3176 773 3263 βάλε
802 3177 858 3263 γὰρ
883 3175 989 3247 πόθος.

248 3340 411 3423 Sophocles
434 3340 449 3403 ό
474 3337 717 3426 Ὁμηρικιότατος
740 3343 771 3405 in
796 3339 959 3424 Oedipode
983 3339 1122 3405 Coieneo
1147 3338 1286 3420 celebret¹

524 3506 589 3568 670
612 3503 660 3565 τόν
686 3499 799 3587 ἀργῆτα
824 3498 977 3577 Κολωνόν,
1003 3498 1066 3562 ἔνθ’

614 3609 631 3672 ά
657 3607 752 3692 λίγεια
777 3606 924 3693 μινόρεται

612 3715 776 3800 θαμίζουσα
801 3714 916 3800 μάλιστ’
941 3713 1040 3799 ἀηδὼν

611 3827 747 3910 χλωραῖς
770 3823 825 3886 όπό
849 3821 980 3908 βάσσαις,

559 3967 561 3971 ·
610 3931 660 3994 τόν
685 3928 782 3994 οἷνῶπ’
806 3927 954 4015 ἀνέχουσα
979 3929 1075 3992 κισσόν

523 4043 585 4105 675
611 4040 660 4102 καὶ
683 4039 735 4102 τάν
760 4038 869 4122 ἄβατον
896 4037 966 4099 θεοῦ

612 4143 749 4230 φολλάόα
774 4141 968 4228 μοριόκαρπον
993 4141 1112 4205 ἀνάλιον

612 4250 758 4337 ἀνήνεμόν
782 4275 814 4313 τε
838 4250 953 4314 πάντων

612 4357 774 4445 χειμώνων·
800 4358 839 4421 ἵν’
863 4358 877 4421 ό
902 4354 1069 4443 βακχιιότας

433 4535 436 4543 ,
614 4464 659 4529 ἀεὶ
683 4462 818 4535 Διόνυσος
843 4463 1000 4550 ἐμβατεύει

524 4579 589 4646 680
614 4573 706 4648 θείαις
731 4571 906 4662 ἀμφιπολῶν
930 4570 1074 4660 τιθήναις.
