3284 5174
650 326 968 421 sese

751 530 815 585 ,σοῦ
839 523 864 584 δ’
888 519 947 605 ἐγὼ
972 519 1145 604 λαλιστέραν

495 627 639 692 οὒπυλποτ’
662 621 743 692 εἶδον
766 630 833 692 οὔτε
856 625 1021 713 κερκώπην,
1046 626 1141 714 γύναι,
1188 676 1191 683 .

497 734 662 818 ου’·κίτταν,
680 733 739 798 ὀὒκ
758 731 953 819 ἀηδόν’,οὔτε
969 731 1094 820 τρυγόν’,
1112 731 1145 797 οὒ
1204 765 1207 769 >

496 840 612 928 τέττιγα
627 888 628 892 ,

177 1022 265 1104 etin
289 1021 414 1086 Libanii
434 1019 459 1084 l.
486 1019 547 1087 IIII
569 1040 601 1104 p.
631 1022 692 1085 143
718 1015 853 1104 τρυγόνος
878 1016 1047 1104 λαλιστέρα,
1074 1017 1183 1102 κίττης,
1207 1016 1341 1102 ἀηδόνος,
1357 996 1513 1105 κερκώπης

178 1127 344 1210 legendum
368 1145 439 1219 esse
459 1130 566 1193 censet
589 1122 720 1211 χελιδὸνῗ
743 1131 775 1193 ολ
799 1122 963 1211 χελιδόνος.
1001 1127 1043 1192 At
1066 1129 1146 1194 sicut
1170 1125 1323 1191 κωτίλλειν
1346 1147 1408 1193 που
1431 1146 1512 1197 sem·

177 1252 233 1327 per
256 1237 303 1300 est
326 1220 458 1300 moleste
481 1235 643 1318 loquacem
667 1253 745 1315 osse,
769 1231 982 1316 cornupeta,
1007 1231 1161 1317 μαλθακά,
1184 1231 1260 1318 ἡδέα
1284 1236 1407 1318 legatur
1429 1235 1514 1319 apud
1574 1314 1577 1319 ¹

167 1338 350 1417 ¹Hesiodum
374 1340 453 1426 Opp.
478 1362 509 1408 v.
546 1344 634 1422 376,
657 1342 740 1425 apud
775 1342 988 1424 Theognidem
1022 1363 1051 1407 ν.
1086 1344 1161 1423 852,
1194 1342 1278 1426 apud
1310 1341 1514 1426 Phocylidem

178 1450 333 1515 Athenaei
348 1449 370 1515 l.
389 1450 419 1514 X
441 1469 474 1534 p.
501 1451 565 1514 428
578 1449 615 1530 Β,
639 1451 687 1515 ita
708 1468 749 1514 ne
772 1450 939 1532 garriendo
963 1449 1089 1532 quidem
1110 1468 1232 1533 semper
1246 1451 1329 1526 inest
1343 1451 1432 1515 notio
1446 1469 1514 1515 mo·

177 1557 261 1624 lesti.
287 1556 345 1622 Illa
368 1558 452 1622 enirn
476 1557 654 1622 Aristotelis
678 1556 718 1622 de
741 1559 888 1623 continuo
911 1558 1062 1647 lusciniae
1085 1547 1179 1625 centu
1207 1558 1303 1634 verba
1318 1556 1446 1625 ,Plinius
1468 1559 1515 1623 sic

43 1708 44 1716 ι
177 1665 332 1730 convertit
356 1662 507 1753 ‘garrulus
529 1666 597 1731 sine
621 1665 799 1730 intermissu
823 1665 954 1730 caritus’.
987 1664 1109 1731 Deinde
1136 1664 1320 1731 Aristoteles
1343 1665 1403 1731 An.
1429 1664 1511 1731 Hist.

178 1772 199 1836 l.
226 1773 240 1837 Ι
263 1790 291 1837 e.
321 1774 335 1835 1
362 1772 380 1854 §
407 1773 445 1835 16
471 1771 622 1837 animalia
645 1772 806 1837 distribuit
829 1773 861 1836 in
885 1768 994 1833 κοιτίλα
1018 1775 1051 1838 ei
1074 1768 1195 1855 σιγηλὰ,
1212 1773 1234 1837 l.
1254 1772 1313 1838 IIII
1333 1791 1361 1838 e.
1380 1772 1435 1854 9§
1451 1772 1510 1835 107

70 1878 73 1883 ’
178 1879 255 1943 dicit
278 1877 437 1962 πολὺφυνα
461 1879 486 1940 δ’
510 1875 570 1940 ἐστὶ
594 1879 642 1940 καὶ
667 1876 825 1962 λαλίστερα
849 1879 885 1942 τὰ
909 1876 1247 1962 &terracopulata
1265 1879 1413 1964 (ὄρνεον),
1432 1878 1514 1962 qued

177 1971 296 2050 Pirous
321 1986 415 2051 vota
437 1985 512 2052 uec.
538 1984 622 2051 msc.
649 1986 671 2050 1.
698 1985 742 2050 ru
765 2005 793 2051 ο.
822 1987 860 2050 51
887 1987 983 2070 §ece
1003 1985 1119 2052 ‘avium
1133 1987 1329 2070 loquaciores
1349 2004 1417 2052 esse
1434 2004 1515 2069 quar
1578 2041 1585 2055 ,

177 2095 334 2160 minores’.
370 2094 539 2165 Martialis
556 2093 689 2177 denique
713 2095 735 2160 I.
762 2094 853 2159 XIIII
875 2113 903 2160 ο.
932 2097 972 2158 75
999 2092 1071 2160 ‘flet’
1095 2096 1196 2178 inquit
1220 2093 1406 2181 ‘Philomela
1427 2093 1515 2160 nefas

177 2203 291 2268 Incesti
313 2203 428 2268 Tereos
451 2205 485 2267 et
508 2220 588 2284 quae
611 2205 700 2268 muta
722 2201 827 2286 puella
850 2201 921 2282 fuit,
947 2203 1074 2285 garrcda
1096 2203 1194 2268 fertur
1217 2202 1306 2270 avis’.

144 2399 148 2403 .
245 2294 349 2389 Addo,
375 2328 564 2394 quemquam
587 2310 666 2376 haec
689 2310 729 2376 ad
754 2310 924 2375 Homerum
947 2313 1190 2395 vixpertinent,
1225 2310 1426 2377 Aristotelem
1457 2328 1514 2391 pu-

177 2420 276 2498 tasse,
302 2418 465 2483 lusciniam
488 2418 522 2481 iu
545 2416 680 2483 Graecia
703 2417 853 2501 hiemare,
879 2417 902 2482 l.
929 2419 956 2482 V
981 2419 1065 2484 enim
1088 2436 1116 2484 c.
1145 2420 1164 2481 9
1188 2417 1206 2502 λ
1230 2419 1269 2484 31
1302 2412 1440 2502 φωλεύει,
1466 2415 1513 2478 in-

179 2527 259 2608 quit,
287 2520 418 2586 ἀπὸτοῦ
442 2519 611 2608 μετοπώρου
635 2520 724 2607 μέχρι
747 2530 798 2585 τοῦ
823 2523 908 2608 ἔαρος
933 2527 963 2589 et
988 2525 1010 2589 l.
1036 2525 1125 2590 ullu
1149 2542 1177 2590 e.
1204 2527 1246 2589 49
1266 2525 1284 2608 §
1302 2525 1363 2587 255
1382 2519 1516 2606 φαίνεται

179 2631 204 2693 δ’
229 2628 261 2692 οἱ)
285 2630 377 2691 πολὺν
401 2626 518 2714 χρόνον·
545 2630 645 2713 φωλεῖ
668 2628 735 2713 γάρ.
761 2631 868 2713 Neque
892 2632 1037 2714 equidem
1054 2631 1272 2712 dubitaverim,
1298 2631 1372 2713 quin
1397 2629 1516 2712 Sepho-

179 2739 255 2818 cles,
282 2739 335 2820 qui
358 2736 405 2802 ui.
439 2757 469 2802 ν
507 2738 569 2801 149
603 2736 737 2802 eandem
761 2737 838 2803 dicit
862 2735 927 2806 Διὸς
951 2737 1007 2820 ἄη
1008 2739 1086 2815 ελον,
1112 2737 1251 2804 eiusdem
1274 2737 1367 2803 fuerit
1353 2738 1461 2802 tsent
1462 2755 1517 2800 en-

179 2847 245 2911 tiae
267 2848 362 2928 atque
379 2845 485 2911 Aristo
486 2844 576 2911 etIes.
595 2844 733 2927 Quocum
747 2847 905 2911 consentit
918 2847 1017 2911 etiarn
1031 2836 1228 2911 Pliniust
1164 2846 1239 2912 Nat.
1257 2845 1341 2911 Hist.
1316 2844 1476 2909 thc.
1496 2843 1516 2905 9

180 2954 277 3036 §85,
303 2954 357 3034 qui
380 2950 493 3017 hieme
529 2954 598 3035 ipsa
621 2971 684 3017 non
707 2954 807 3020 cernit
808 2953 853 3017 ur’
875 2955 978 3036 inquit
1000 2971 1101 3038 neque
1125 2955 1158 3018 in
1180 2971 1310 3018 numero
1333 2952 1460 3017 abeunt
1451 2970 1516 3015 mm

180 3062 286 3126 avium
310 3079 381 3125 eam
404 3062 556 3126 recenset.
531 3057 726 3126 ttIdem
693 3063 872 3126 etiamnunc
895 3059 962 3126 fieri
988 3064 1123 3127 testetur
1152 3061 1192 3125 A.
1227 3059 1453 3144 Lindermayer
1484 3061 1518 3124 in

179 3167 259 3233 libro
284 3169 336 3250 qui
360 3169 539 3233 inscribitur
561 3168 621 3233 Die
644 3168 743 3250 Vegel
777 3168 1034 3234 Griechenlands.
1070 3167 1129 3233 uin
1160 3168 1292 3249 Beitrag
1324 3187 1379 3232 zur
1408 3167 1518 3232 Fauna

180 3274 283 3342 dieses
298 3274 433 3356 Laudes,
459 3275 629 3341 Passaviae
652 3275 736 3341 foras
759 3274 834 3341 dato
858 3295 878 3342 a
901 3275 1097 3342 MDCCCLX
1120 3296 1152 3359 p.
1181 3277 1256 3340 103.
1276 3274 1337 3341 Sed
1360 3275 1515 3357 Krueper‚

180 3384 327 3468 physicus
350 3401 412 3448 non
435 3385 538 3449 minus
560 3381 622 3448 fide
645 3384 766 3466 dignus,
790 3387 887 3466 negat
911 3402 982 3449 eam
997 3385 1030 3448 in
1045 3383 1182 3449 Graecia
1202 3400 1372 3466 perennem
1394 3399 1463 3448 esse
1484 3384 1517 3446 in

181 3490 326 3573 catalogo
350 3492 456 3556 avium
479 3491 517 3556 A.
545 3491 732 3558 Mommseni
755 3492 834 3557 libro
865 3493 917 3576 qui
949 3493 1128 3557 inscribitur
1159 3491 1359 3557 Griecbische
1388 3489 1518 3554 Jahres-

181 3601 286 3666 zeiten
308 3598 384 3664 fase.
412 3601 431 3662 3
455 3601 573 3664 inserto
596 3619 628 3682 p.
657 3601 732 3664 243.
758 3599 825 3681 Ego
848 3601 908 3665 hac
930 3602 962 3664 in
985 3619 1019 3664 re
1044 3599 1245 3665 Aristotelem
1271 3616 1392 3682 errasse
1415 3599 1518 3663 murus

181 3689 389 3772 concesserim
412 3709 517 3790 atque,
542 3707 569 3771 si
593 3705 736 3789 Krueper
758 3710 843 3772 recte
868 3705 945 3772 dicit
957 3725 1027 3772 earn
1040 3707 1132 3771 initio
1155 3707 1272 3771 mensis
1288 3705 1403 3788 Aprilis
1416 3704 1519 3770 solere

182 3812 301 3879 advent
302 3831 369 3893 are,
405 3831 512 3898 mense
544 3814 686 3896 Augusto
668 3813 808 3897 oabire,
837 3833 878 3897 po
880 3814 942 3879 tius
965 3815 1112 3898 suspicor,
1137 3812 1292 3880 aviculam
1315 3830 1398 3893 eam,
1424 3830 1518 3895 quam

182 3922 320 4004 antiquis
343 3920 534 4005 temporibus
557 3919 706 4002 habebat,
682 3923 858 3987 tctonsue
845 3921 987 3987 tudinem
1009 3940 1092 3987 nunc
1114 3923 1265 3987 mutasse.

251 4027 381 4094 Homeri
404 4025 443 4094 de
466 4028 597 4094 luscinia
620 4046 726 4094 versus
750 4029 824 4111 quin
847 4035 920 4092 auct
920 4050 955 4092 or
977 4026 1088 4110 epum
1122 4029 1175 4112 qui
1207 4027 1321 4093 dicitur
1354 4026 1389 4089 iu
1423 3993 1520 4089 Ρααα

182 4137 384 4220 spectaverit,
408 4154 470 4201 non
494 4139 543 4201 est
529 4135 706 4200 tdubimn
732 4135 816 4200 Dicit
804 4136 979 4201 λυολπιν.
1008 4137 1060 4217 16,
1088 4138 1121 4200 ut
1153 4137 1202 4205 est
1236 4135 1268 4198 in
1302 4132 1391 4199 libris
1419 4151 1541 4229 manu⁸

182 4244 280 4328 script
281 4244 321 4323 ie,

398 4400 450 4464 οὒκ
474 4401 509 4465 ἂν
532 4399 615 4464 τόνδε
640 4404 683 4483 (i.-
703 4421 733 4468 e.
758 4403 862 4484 Pane)
886 4398 1070 4485 παραδράμοι
1094 4397 1127 4462 ἐν
1150 4396 1304 4483 μελέεσσιν

392 4509 481 4593 Ιὄρνις,
506 4509 527 4593 ἥ
549 4510 575 4572 τ’
599 4508 684 4593 ἔαρος
707 4504 891 4579 πολυανθέος
915 4505 946 4570 ἐν
969 4505 1136 4571 πετάλοισιν

397 4616 507 4702 θρῆνον
531 4615 744 4704 ἐπιπροχέουσα
769 4614 835 4704 χέει
858 4614 1017 4702 μελίγηρυν
1041 4612 1152 4702 ἀοιδήν.
