3270 5176
179 1667 300 1754 Ἀηδὼν
324 1674 400 1754 avis,
425 1692 506 1755 quae
518 1673 558 1738 ab
571 1672 741 1739 Aristotele
764 1691 828 1739 non
849 1672 946 1738 semel
970 1673 1241 1754 commemoratur,
1254 1691 1317 1738 non
1331 1677 1379 1739 est
1392 1673 1448 1739 du·
1514 1652 1517 1665 λ

111 1778 196 1842 bium
220 1781 293 1861 quin
317 1780 429 1845 eadem
451 1782 504 1860 sit,
531 1799 624 1863 quam
648 1781 782 1847 Romani
804 1781 966 1847 lasciuiam
990 1780 1162 1866 appellant.
1180 1781 1248 1846 Hoc
1261 1800 1376 1847 noman
1399 1801 1449 1848 re-

112 1888 273 1968 ceperunt,
299 1889 352 1968 qui
373 1905 477 1953 rerum
500 1891 644 1954 naturam
669 1887 711 1952 ad
734 1891 833 1954 artem
859 1892 891 1954 et
914 1888 1082 1972 praecepta
1098 1891 1293 1970 revocarunt,
1310 1889 1449 1972 duasque

64 2042 68 2051 .
114 1990 307 2074 distinguunt
329 1996 458 2078 speeies,
479 1994 612 2060 alteram
628 1994 683 2060 alii
697 1995 859 2061 lusoiolam
875 1994 922 2061 vel
941 1995 1079 2080 Sylviam
1093 1994 1270 2074 lusciniam,
1288 1995 1343 2060 alii
1357 1995 1448 2062 lusoi-

112 2099 196 2164 niam
216 2099 420 2166 Philomelam
432 2101 605 2186 appellant,
620 2098 754 2168 alteram
777 2102 938 2168 lusoiolam
958 2102 1006 2168 val
1022 2102 1161 2187 Sylviam
1177 2102 1382 2169 Philomelam
1399 2102 1449 2168 vel

110 2204 271 2270 lusciniam
296 2208 457 2272 maiorem.
477 2207 578 2290 Quam
594 2207 676 2273 illius
692 2227 760 2274 esse
774 2209 964 2274 simillimam
981 2210 1019 2273 A.
1037 2207 1153 2274 Brehm
1170 2207 1253 2290 dicit,
1271 2208 1328 2274 sed
1342 2208 1448 2292 paullo

109 2314 260 2378 maiorem
284 2317 379 2397 atquo
395 2315 577 2399 ampliorem
591 2318 717 2400 eiusque
733 2319 859 2381 uantum
875 2316 996 2383 dIfferre
1013 2315 1053 2380 ab
1068 2315 1123 2381 illa
1137 2317 1330 2397 gravioribus
1345 2318 1442 2392 sonis,

111 2420 243 2485 eundem
256 2420 420 2487 lentiorem
432 2440 501 2488 osse
513 2426 545 2487 et
560 2422 749 2506 longioribus
761 2422 933 2488 intervallis
944 2425 1161 2507 interruptum,
1175 2441 1282 2489 vocem
1294 2425 1445 2488 maiorem
1547 2467 1552 2473 ι

111 2526 312 2610 modulosque
335 2531 436 2594 minus
459 2531 573 2594 vanos.
601 2529 688 2612 Quae
711 2549 779 2596 auru
803 2533 850 2595 ita
873 2532 948 2610 sint,
973 2530 1107 2595 alteram
1129 2531 1265 2613 speeiem
1289 2531 1328 2594 ab
1344 2529 1446 2594 altera

112 2650 205 2717 saepe
227 2653 290 2700 non
313 2635 462 2718 distingui
484 2654 547 2701 non
570 2640 619 2702 est
643 2639 767 2702 mirum.
792 2637 980 2704 Etiamnuno
995 2655 1016 2702 a
1030 2636 1158 2703 Graeds
1181 2635 1327 2702 luscinias
1350 2631 1447 2698 ἀεδὸνι
1534 2687 1535 2691 ,

112 2744 216 2806 voaari
238 2742 354 2808 Aubert
377 2746 410 2809 et
433 2744 585 2810 Wimmor
607 2745 714 2810 dieunt
736 2748 768 2810 in
792 2745 968 2811 Aristotelis
992 2745 1052 2810 An.
1071 2745 1155 2810 Hist.
1174 2742 1323 2823 editione,
1342 2743 1413 2809 Vol.
1432 2743 1447 2808 I

108 2868 141 2931 p.
160 2849 215 2928 84,
234 2867 348 2932 easque
371 2854 405 2915 et
420 2853 504 2916 vocis
520 2851 732 2918 modulatione
748 2855 780 2918 et
801 2853 958 2934 gravitate
973 2852 1066 2934 longe
1081 2850 1269 2916 antecellere
1290 2851 1346 2929 eis,
1366 2867 1446 2932 quaa
1470 2894 1474 2911 ι

108 2958 140 3019 iu
164 2954 334 3021 Germania
347 2959 423 3036 sint,
439 2956 491 3021 Fr.
509 2956 548 3023 de
563 2957 683 3023 Looher
697 2942 838 3024 testatur
848 2960 881 3022 in
896 2958 975 3022 libro
991 2959 1044 3040 qui
1056 2957 1233 3022 inscribitur
1247 2955 1446 3022 Grieolrisahe

109 3061 387 3143 Kuestenfahrten‚
414 3064 537 3148 Lipsiae
561 3066 674 3129 emisso
698 3082 729 3129 a.
757 3063 1028 3129 MDCCCLXXVI
1050 3082 1083 3146 p.
1111 3065 1165 3126 76.

175 3169 263 3235 Haeo
287 3171 409 3236 avioula
432 3173 527 3236 eantu
552 3188 608 3236 suo
641 3174 706 3236 tam
738 3173 867 3253 insignis
899 3189 962 3235 uon
992 3170 1076 3254 apud
1112 3169 1314 3235 Aristotelem
1346 3154 1446 3235 solum

111 3281 382 3358 oommemoratur‚
399 3278 455 3344 sed
472 3278 555 3362 apud
571 3279 649 3344 alios
665 3297 797 3363 quoque,
814 3280 999 3362 praesertim
1016 3277 1098 3362 apud
1113 3280 1234 3361 poetas.
1258 3275 1315 3342 Est
1339 3279 1446 3343 autom

110 3383 242 3465 primum
266 3384 350 3468 apud
373 3383 558 3465 Homerum,
583 3385 636 3467 qui
659 3382 821 3468 Odysseae
844 3383 866 3448 l.
892 3382 1012 3447 XVIIII
1036 3402 1066 3446 v.
1087 3383 1151 3464 518
1166 3400 1235 3466 sqq.
1254 3380 1445 3464 Penelopam

112 3488 229 3556 induoit
252 3491 331 3557 liaeo
354 3482 520 3558 dicentem:
1502 3487 1505 3493 ’

323 3649 361 3721 ὡς
386 3652 411 3713 δ’
434 3651 483 3713 ὅτι
507 3648 681 3735 Πανδαρέου
706 3648 808 3734 κοὺρη,
832 3648 963 3733 χλυρηὶς
987 3645 1087 3730 ἀηδὼν

322 3758 413 3821 καλὸν
438 3755 569 3840 ἀείδησιν
593 3758 678 3842 ἔαρος
702 3754 768 3819 νέον
792 3753 968 3840 ἱσταμένοιο,

323 3862 466 3949 δενδρέων
490 3862 523 3927 ἐν
546 3862 698 3926 πετάλοισι
722 3859 910 3946 καθεζομένη
934 3868 1106 3942 πυκινοῖσιν,

323 3972 344 4055 ἤ
367 3995 400 4034 τε
424 3969 507 4054 δαμοὶ
531 3978 672 4057 τρωπῶσα
697 3968 763 4056 χέει
786 3966 943 4054 πολυηχέα
968 3965 1069 4054 φωνην

322 4079 405 4140 παῖδ’
429 4075 635 4163 ὀλοφυρομένη
658 4077 775 4140 Ἴτυλον
799 4074 897 4162 φίλον,
924 4076 956 4140 ὅν
981 4098 1053 4138 ποτε
1076 4076 1180 4159 χαλκῷ

323 4192 423 4248 κτεῖνε
446 4185 482 4247 δι’
506 4182 660 4270 ἀφραδίας,
686 4191 788 4270 κοῦρον
812 4180 923 4267 Ζήθοιο
947 4183 1084 4252 ἄνακτος.

178 4385 280 4466 Atque
304 4385 377 4448 suut
400 4342 526 4465 quidem
549 4384 601 4464 qui
624 4385 740 4464 nogent
763 4381 844 4446 bano
868 4375 979 4461 ἀηδόνα
1004 4377 1137 4444 eandem
1160 4395 1229 4442 esse
1252 4394 1332 4459 quae
1361 4373 1444 4458 apud

112 4491 313 4556 Amstotelem
336 4493 396 4569 est,
421 4492 457 4554 ul
479 4488 651 4567 Buobholz,
677 4491 764 4553 euius
786 4488 881 4569 longa
903 4486 942 4552 de
965 4487 1025 4550 lrao
1047 4503 1081 4549 re
1104 4489 1153 4550 est
1176 4484 1346 4567 disputatio
1369 4481 1441 4547 Vol.

110 4596 124 4661 Ι
149 4618 181 4681 p.
209 4602 227 4660 2
252 4619 284 4683 p.
314 4599 376 4662 123
400 4615 469 4679 sqq.
499 4597 539 4662 nt
562 4613 686 4661 omnem
710 4594 939 4661 dubitationem
961 4592 1045 4658 tollit
1059 4589 1156 4657 unum
1171 4609 1286 4656 nomen
1301 4588 1356 4654 filii
1371 4589 1444 4652 Phi-

1306 4711 1337 4766 l*
