3284 5174
722 314 923 385 ..14¹-

222 515 343 581 Deinde
366 516 408 580 ab
431 514 542 580 eodem
565 514 696 580 luscinia
719 515 832 580 dieitur
855 513 1025 599 μινύρεσθαι
1048 513 1097 576 τὸν
1120 538 1210 577 οινωπ
1245 537 1392 600 ανεχουαα
1426 541 1488 579 κια-

70 639 72 643 ·
156 621 204 683 σὸν
228 622 276 683 καὶ
298 618 352 703 την
377 620 484 704 ἄβατον
508 619 580 683 θεοῦ
603 619 741 704 φυλλάδα
766 618 960 706 μυριύκαρπον
992 623 1024 687 h.
1055 641 1085 688 e.
1122 622 1255 704 ἄμπελον
1288 619 1398 707 άχρίαν.
1418 609 1487 696 θεά
1562 616 1564 627 ’

155 731 214 794 hoc
248 732 349 813 ipsum
382 747 484 813 paene
518 728 698 794 incredibile
733 732 782 795 est
817 729 1002 813 Sophoclem
1027 729 1150 796 dixisse.
1176 730 1267 813 Quod
1291 734 1374 796 enim
1397 733 1487 798 scho-

154 837 267 916 liastae
291 837 398 903 dieunt
422 832 580 920 ἀνέχουσα·
605 837 664 898 ἄνω
688 835 810 920 ἔχουσα,
835 835 907 920 ύπὲρ
932 833 1041 918 ἑαυτὴν
1066 837 1177 922 ἔχουσα
1201 836 1233 899 τὸ
1257 837 1348 921 φυτὸν
1367 837 1416 902 καί
1431 836 1487 901 ἀπὸ

155 951 205 1007 τοῦ
229 951 323 1007 κοινοῦ
346 943 379 1006 τὸ
402 941 561 1028 ἀνέχουσα,
586 942 625 1014 ὡς
649 941 680 1006 ἐν
705 942 869 1028 Λυκούργῳ
894 940 1055 1029 Αἰσχύλος·
1080 945 1169 1007 ἄκουε
1193 945 1219 1009 δ’
1242 942 1287 1008 ἀν’
1310 939 1359 1014 ούς
1393 946 1486 1031 ἔχων,

156 1049 217 1115 ἀντὶ
250 1059 300 1114 τοῦ
333 1052 393 1114 άνω
425 1050 457 1114 τὸ
488 1043 539 1120 ode
571 1051 650 1135 έχων
675 1051 770 1134 (quod
793 1051 905 1135 fragm.
935 1054 996 1117 126
1021 1055 1070 1119 est
1092 1053 1144 1119 ed.
1170 1053 1304 1136 Nauck),
1329 1054 1410 1119 sicut
1433 1054 1489 1120 aiii

155 1162 221 1226 eius
244 1162 368 1242 generis
390 1158 460 1240 loeI,
484 1160 624 1241 Theogn.
651 1178 679 1224 v.
705 1160 769 1223 887
794 1157 872 1242 μηδὲ
895 1157 963 1242 λίην
986 1156 1112 1244 κήρυκος
1136 1156 1180 1222 ἀν’
1204 1153 1252 1230 ούς
1277 1160 1489 1245 ipa-Homeri

155 1267 216 1334 Od.
241 1267 265 1332 l.
290 1267 381 1332 XVII
404 1286 432 1332 ν.
459 1267 519 1331 291
547 1263 582 1328 ib
606 1263 638 1327 δὲ
662 1263 739 1328 κύων
763 1261 900 1351 κεφαλήν
912 1289 944 1328 τε
959 1266 1006 1329 καὶ
1022 1267 1112 1329 οὔατα
1127 1265 1259 1350 κείμενος
1276 1267 1376 1352 ἔσχεν,
1392 1268 1487 1334 aliam

155 1394 223 1442 esse
246 1377 292 1440 rei
313 1376 468 1440 rationem
491 1373 581 1439 facile
604 1373 833 1455 demonstrant,
859 1392 930 1439 cum
952 1371 1007 1437 ἀνὰ
1031 1377 1123 1441 tmesi
1146 1394 1167 1441 a
1189 1377 1284 1441 verbo
1314 1378 1489 1442 seiunctum

154 1484 319 1567 pristinam
343 1479 485 1547 adverbii
508 1481 571 1545 vim
593 1479 714 1546 facilius
736 1482 875 1564 potuerit
897 1483 1045 1548 retinere.
1073 1480 1136 1548 Sed
1150 1480 1224 1547 licet
1237 1482 1298 1547 hoc
1313 1484 1381 1548 sine
1394 1484 1488 1548 tmesi
1549 1556 1552 1561 st

154 1588 222 1657 fieri
255 1607 346 1673 posse
382 1588 600 1668 concedamus,
625 1607 730 1654 nonne
764 1587 888 1654 difficile
921 1591 968 1654 cst
1001 1589 1043 1656 ad
1067 1589 1268 1670 credendum,
1290 1608 1311 1653 a
1334 1590 1487 1674 Sophocle

154 1698 300 1764 luscinias
335 1696 396 1761 dici
427 1695 501 1762 lolia
523 1697 569 1762 eis
600 1697 748 1779 imposita
779 1698 945 1776 sustinere,
971 1696 1045 1762 indo
1069 1697 1218 1763 occultari
1241 1699 1274 1762 et
1297 1696 1414 1762 latere?
1436 1697 1487 1762 Sic

155 1807 237 1870 enim
261 1805 314 1869 Fr.
340 1803 467 1869 Ellendt
490 1805 716 1886 interpretatur
748 1803 826 1870 illud
860 1799 1020 1886 ἀνέχουσα.
1049 1803 1126 1868 Mihi
1160 1803 1285 1886 quidem
1320 1802 1487 1869 difficultas

78 1922 82 1935 ’
154 1916 255 1979 maior
286 1912 336 1977 vel
368 1910 441 1977 inde
465 1910 588 1976 videtur
611 1913 696 1991 oriri,
721 1911 897 1994 quodcum
922 1913 973 1976 vix
995 1910 1214 1992 intellegamus
1237 1909 1298 1976 dici
1321 1929 1414 1994 posse
1440 1910 1488 1975 lu·

154 2020 285 2085 sciniam
317 2017 377 2079 άνω
412 2016 493 2100 ἔχειν
525 2015 574 2078 τὸν
605 2012 710 2093 κιοούν,
735 2016 868 2082 eandem
900 2012 1018 2100 ἀνέχειν
1042 2016 1095 2078 τάν
1119 2016 1226 2101 ἄβατον
1251 2014 1323 2078 θεοῦ
1347 2013 1486 2100 φυλλάδα

155 2122 349 2211 μυριύκαρπον
374 2121 493 2186 ἀνάλιον
518 2119 663 2206 άνήνεμύν
687 2146 720 2184 τε
743 2120 858 2186 πάντων
883 2119 1034 2207 χειμώνων
1058 2123 1119 2188 dici
1141 2126 1205 2189 iem
1227 2141 1329 2208 paene
1352 2123 1487 2190 incredi-

155 2233 217 2299 bile
239 2232 374 2298 videtur.
401 2230 488 2314 Quae
512 2250 582 2296 cum
604 2232 650 2296 ita
673 2233 749 2311 sint,
774 2231 918 2313 equidem
951 2249 1015 2296 non
1047 2231 1139 2296 video
1175 2230 1259 2296 aliud
1293 2230 1360 2296 heri
1394 2249 1486 2315 posse

151 2342 212 2406 nisi
234 2343 291 2407 aut
315 2340 520 2423 comprobare
544 2337 584 2404 G.
611 2337 754 2403 Dindorfi
777 2340 987 2404 coniecturam
1010 2340 1088 2404 satis
1111 2337 1288 2421 elegantem
1312 2335 1421 2400 οἱνῶπα
1437 2334 1484 2400 νέ-

151 2470 245 2530 μουσα
269 2448 319 2514 vel
342 2446 480 2512 Erfilrdti
502 2442 623 2507 οἰνωπὸν
647 2445 768 2529 ἔχουσα,
782 2464 852 2510 eum
875 2448 908 2510 in
932 2445 1021 2510 codd.
1046 2445 1120 2512 Per.
1145 2446 1221 2511 Bet
1238 2447 1313 2512 Vct.
1338 2447 1380 2512 sit
1402 2442 1484 2507 οίνιύ·
1564 2464 1570 2473 ’

151 2578 208 2618 παν
233 2555 354 2639 ἔχουσα,
379 2557 434 2620 aut
457 2555 582 2635 gravius
605 2555 686 2618 hunc
708 2554 810 2618 locum
833 2571 902 2618 esse
925 2556 1102 2638 corruptum
1135 2556 1285 2638 suspicari
1308 2558 1341 2620 et
1364 2556 1485 2620 acriore

151 2663 292 2729 remedio
314 2665 373 2728 uti.
399 2664 502 2745 Atque
535 2661 609 2743 quid
640 2663 743 2745 potuit
765 2661 886 2726 facilius
909 2659 987 2740 fieri,
1014 2680 1107 2744 quam
1131 2666 1165 2726 ut
1188 2662 1342 2740 librarius,
1366 2664 1415 2727 cui
1437 2661 1485 2725 lu-

151 2773 248 2837 scinia
271 2771 303 2835 in
326 2773 431 2836 mente
455 2772 644 2850 versaretur,
670 2769 712 2835 ad
735 2769 869 2836 eandem
891 2768 1086 2836 referendum
1121 2771 1180 2835 hoc
1212 2788 1333 2853 quoqne
1355 2771 1484 2834 verbum

150 2881 290 2964 putaret,
316 2879 445 2944 deberet
468 2879 603 2944 scribere
627 2874 790 2962 ἀνέχονιαῖ
809 2877 933 2944 Scilicet
947 2879 1007 2943 hoc
1024 2879 1051 2943 si
1065 2879 1325 2961 comprobaveris,
1341 2879 1405 2942 iam
1420 2895 1483 2942 non

152 2985 344 3052 desiderabis
382 2985 588 3068 Sophoclcam
623 2984 711 3050 illam
743 2987 997 3066 concinnitatem,
1037 3004 1099 3068 qua
1131 2985 1210 3049 dixit
1239 2983 1287 3046 τὸν
1326 2980 1482 3065 Κολωνόν,

152 3091 226 3156 ἔνθα
249 3091 396 3177 μινύρεται
421 3089 530 3174 ἀηδών,
555 3092 604 3154 τὸν
628 3088 774 3175 ἀνέχοντα
797 3090 893 3154 κισσὸν
917 3091 964 3153 καί
988 3087 1042 3174 τὴν
1066 3088 1213 3176 φυλλάδα,
1231 3090 1269 3153 ἵν’
1286 3089 1300 3152 ὁ
1317 3087 1485 3177 βακχιὼτας

152 3197 287 3269 Διύνυσος
311 3196 477 3284 ἐμβατεύει.
502 3199 583 3264 Nan]
606 3199 698 3263 simili
721 3198 815 3264 modo
838 3198 1001 3282 Euripides
1025 3199 1101 3266 Hee.
1126 3219 1157 3264 v.
1184 3200 1248 3262 458
1284 3198 1359 3262 dicit
1391 3196 1484 3282 φοῖνιξ

152 3306 249 3392 δάφνα
273 3306 303 3368 θ’
327 3306 421 3392 ἱεροὺς
446 3304 555 3391 ἀνέσχε
578 3303 733 3391 πτόρθους.
761 3307 810 3371 An
833 3325 902 3372 curn
926 3306 967 3372 ad
991 3304 1129 3392 φυλλάδα
1153 3309 1238 3372 reete
1253 3308 1285 3371 in
1302 3306 1426 3372 scholiis
1442 3306 1486 3370 sn

153 3415 338 3481 adnotatum
362 3413 441 3498 παρὰ
464 3412 496 3476 τὸ
522 3409 694 3498 Ὁμηρικόν·
718 3409 772 3495 τὴν
795 3411 850 3496 μὲν
874 3413 919 3497 ἄρ’
943 3414 1002 3476 οὔτ’
1025 3411 1141 3497 ἀνέμων
1165 3411 1239 3476 διάει
1262 3410 1350 3496 μένος
1363 3414 1428 3478 κτλ.
1446 3431 1485 3479 ex

152 3521 214 3588 Od.
247 3522 271 3587 1.
305 3520 426 3587 XVIIII
461 3539 491 3586 ν.
519 3522 594 3601 440,
629 3521 689 3585 hoc
721 3539 843 3603 quoque
873 3521 942 3587 loco
976 3523 1105 3605 poetam
1129 3518 1370 3605 Ὁμηρικώιατον
1394 3520 1432 3586 ss.
1458 3520 1481 3585 l.

152 3629 242 3696 XIIII
265 3649 296 3694 v.
324 3628 399 3709 347,
422 3628 476 3692 ubi
499 3630 547 3692 est
570 3632 646 3688 τοῖσι
669 3626 694 3687 δ’
718 3625 773 3688 ici
796 3625 880 3710 χθὼν
904 3627 955 3689 δῖα
980 3625 1051 3712 φύεν
1076 3624 1225 3710 νεοθηλέα
1249 3624 1335 3710 ποίην
1366 3645 1484 3693 memo·

152 3755 219 3803 rem
243 3733 353 3818 φύοντα
376 3736 536 3818 scripsisse
559 3736 700 3817 ineptum
723 3734 879 3799 videbitur
901 3735 1069 3818 suspicari?
1092 3733 1172 3817 Quid
1196 3738 1303 3800 autem
1326 3737 1367 3800 sit
1402 3730 1482 3797 οὶνω·

152 3839 218 3923 πὸς,
245 3841 423 3907 Aristotelis
447 3843 499 3923 qui
521 3840 618 3906 fertur
640 3840 763 3906 libellus
786 3839 825 3906 do
848 3840 1006 3906 coloribus
1027 3841 1132 3921 dooet;
1158 3859 1226 3925 cap.
1250 3841 1333 3906 onim
1369 3844 1387 3904 2
1411 3857 1479 3924 par.

156 3953 197 4015 10
220 3950 334 4032 legitur
356 3947 389 4010 τὸ
420 3943 541 4011 οἰνωπὸν
573 3954 679 4032 χρῶμα
711 3945 848 4030 γίγνεται,
873 3947 941 4010 ὅταν
975 3944 1090 4032 ἀκράτῳ
1122 3944 1228 4030 μέλανι
1260 3946 1308 4009 καί
1341 3944 1485 4031 υτίλβαντι

153 4054 299 4140 κραθιῦυιν
332 4051 417 4137 αύχαὶ
448 4051 620 4138 ἠεροειδεῖς·
660 4053 756 4138 ὥσπερ
785 4052 815 4116 αί
837 4061 893 4116 τῶν
931 4051 1057 4139 βοτρύων
1094 4052 1190 4138 ῥᾶγες.
1215 4053 1261 4116 καί
1289 4053 1344 4138 γάρ
1377 4034 1484 4115 τούτων

154 4165 275 4232 οἰνωπὸν
299 4163 487 4252 φαίνεταιτὸ
511 4173 617 4250 χρῶμα
641 4163 672 4227 ἐν
696 4172 736 4245 τῷ
760 4161 962 4226 πεπαίνεσθαι·
987 4160 1206 4246 μελαινομένων
1229 4160 1263 4224 δέ
1286 4161 1319 4223 τὸ
1338 4168 1484 4247 φοινικοῦν

154 4274 195 4347 είς
230 4274 262 4337 τὸ
297 4274 440 4359 ἁλουργὸν
471 4271 661 4357 μεταβάλλει.
685 4273 807 4339 Deinde
841 4271 955 4356 φυλλάς
988 4268 1181 4355 μυριύκαρπος
1204 4268 1286 4348 θεοῦ,
1310 4273 1345 4334 ut
1368 4290 1399 4335 ν.
1428 4272 1482 4350 18,

153 4383 229 4450 lolia
252 4386 324 4449 sunt
348 4377 482 4464 ἀμπέλου
507 4377 619 4465 ἀγρίας,
644 4398 737 4463 quam
760 4381 875 4461 uqune
898 4381 931 4443 ih
963 4378 1105 4459 saltibus
1131 4379 1216 4462 epis,
1241 4377 1375 4442 humidis
1410 4377 1485 4442 locis

154 4509 293 4556 crescere
316 4490 352 4557 C.
379 4489 477 4555 Fraas
511 4488 586 4554 dicit
608 4491 641 4553 in
665 4488 800 4571 Synopsi
835 4486 1013 4570 plantarum
1044 4485 1142 4552 florae
1174 4486 1324 4552 classicae
1358 4503 1390 4566 p.
1427 4485 1482 4549 95.

155 4597 352 4663 Dioscorides
376 4596 455 4661 Mat.
484 4595 568 4661 Med.
595 4595 618 4660 l.
645 4594 704 4659 llll
727 4612 755 4659 c.
784 4595 847 4658 180
870 4597 980 4659 auctor
1003 4595 1052 4659 est
1075 4594 1157 4660 hanc
1190 4594 1286 4658 vitem
1321 4589 1484 4656 viniferam
