3270 5176
692 294 892 357 ..5.-

125 508 190 556 rom
214 490 299 556 esset
321 487 516 554 referendum
539 505 581 554 an
604 488 645 553 ad
668 488 803 553 colorem
826 488 979 569 foliorum,
1005 491 1087 555 inter
1113 509 1194 574 quaa
1224 489 1335 556 sedere
1369 490 1461 557 solet.

124 599 172 662 De
195 614 258 680 qua
281 614 315 661 re
338 614 420 661 nunc
443 613 565 679 quoque
587 596 671 661 inter
695 596 777 660 viros
800 595 909 661 doctos
932 595 1111 678 ambigitur.
1148 596 1190 661 Et
1212 597 1371 662 Buchholz
1395 600 1461 682 qui-

125 706 198 770 dem
220 722 341 770 summo
364 705 423 768 hoc
445 705 544 768 utitur
566 706 761 785 argumento,
786 722 846 785 quo
870 703 1110 787 demonstretur,
1127 701 1279 789 χλωρηίδα
1294 725 1358 770 non
1371 723 1463 789 posse

125 811 299 895 significare
323 807 356 872 ἐν
389 812 517 895 χλωροῖς
540 807 750 894 διατρίβουσαν,
775 810 858 893 quod
881 813 908 875 si
930 812 989 877 hoo
1010 813 1057 878 ita
1079 829 1113 878 se
1137 813 1281 893 baberet,
1307 814 1464 879 Homerus

125 919 209 986 idem
232 919 364 998 diceret,
390 919 473 1003 quod
497 939 527 983 v.
555 915 697 1002 δενδρέων
722 915 754 979 ἐν
770 915 921 980 πετάλοισι
937 916 1125 1002 καθεζομένη
1140 927 1312 986 πυκινοῖσιν.
1332 921 1374 986 At
1388 923 1463 986 mihi

126 1029 235 1093 contra
269 1044 308 1092 ea
340 1026 474 1091 ridetur.
501 1025 608 1109 Neque
631 1027 714 1090 enim
738 1025 945 1108 tautologiam
969 1044 1062 1109 quarn
1087 1025 1195 1092 dicunt
1219 1026 1310 1092 video
1333 1028 1465 1093 etmihi
1596 1020 1602 1037 “

125 1151 309 1218 persuasum
331 1135 379 1200 est
402 1133 452 1198 hic
475 1150 599 1216 quoque
620 1133 753 1199 inveniri
775 1131 863 1197 illam
886 1132 1142 1213 consuetudinem
1165 1133 1294 1199 Homeri
1312 1133 1377 1200 fere
1390 1154 1464 1218 pro-

124 1243 234 1325 priam,
259 1259 322 1324 qua
345 1239 428 1323 quod
450 1258 513 1305 una
537 1257 612 1305 voce
625 1239 735 1305 leviter
746 1238 980 1322 significaverit,
996 1239 1109 1306 deinde
1120 1242 1245 1307 uberius
1267 1242 1348 1308 solet
1369 1260 1466 1326 expo·

125 1366 209 1430 nere,
234 1349 319 1413 cuius
339 1346 839 1431 consuetudinis-epexegeticen
853 1365 935 1412 nunc
951 1349 1148 1430 grammatici
1162 1348 1466 1433 vocant-exempla

124 1456 208 1541 apud
239 1456 428 1538 interpretes
460 1455 586 1520 Homeri
620 1457 770 1537 congesta
800 1456 950 1536 invenies,
963 1456 1010 1519 xut
1033 1455 1116 1539 apud
1150 1456 1197 1521 La
1218 1456 1324 1522 Roohe
1358 1456 1401 1531 ad
1424 1457 1462 1522 n.

125 1565 147 1629 1.
173 1564 232 1628 XV
257 1583 287 1628 v.
316 1564 392 1627 238.
419 1563 530 1645 Itaque
552 1563 628 1628 mihi
652 1561 777 1644 quidem
800 1562 931 1646 χλορηὶς
956 1561 1078 1628 videtur
1100 1563 1184 1629 idem
1207 1582 1276 1630 esse
1300 1564 1382 1647 quod
1402 1564 1464 1626 διοι-

124 1670 260 1757 τρῖβουσα
294 1667 326 1732 ἐν
359 1673 466 1756 χλωρῷ
495 1671 544 1737 vel
568 1668 600 1733 ἐν
628 1673 757 1756 χλωροῖς
779 1672 812 1737 11.
838 1690 868 1737 e.
893 1673 926 1735 in
949 1671 1190 1738 flavescentibus
1212 1674 1312 1756 primo
1336 1676 1466 1739 verset

125 1781 348 1846 virescentibus
370 1780 545 1859 arboribus,
571 1781 666 1862 atque
689 1780 828 1863 suspicor
851 1779 1037 1863 Sophoclem
1058 1779 1142 1845 idem
1169 1782 1314 1861 sensisse,
1338 1799 1409 1846 cum
1431 1782 1464 1845 in

126 1888 187 1954 illis
209 1888 319 1955 Coloni
341 1887 487 1953 leudibus
510 1889 554 1969 (v.
582 1888 659 1970 673)
683 1887 846 1952 lusciniam
869 1886 955 1952 dieat
978 1883 1150 1971 μινύρεσθαι
1173 1888 1306 1971 χλωραῖς
1323 1884 1376 1948 ὑπὸ
1391 1884 1463 1971 βάσ-

127 2019 201 2066 σοις.
236 1996 339 2080 Atque
370 1998 419 2060 est
451 1997 583 2060 naturae
617 2013 711 2077 quam
735 1997 871 2060 maxime
893 1994 1176 2074 accommodatum,
1203 1994 1285 2078 quod
1308 1994 1464 2060 Homerus

127 2122 198 2170 eam
221 2103 306 2186 ἔαρος
331 2099 397 2163 νέον
420 2098 586 2184 ἱσταμένοιο
609 2118 722 2167 canere
745 2102 946 2184 incipientem
969 2101 1057 2167 facit.
1084 2101 1270 2167 Aristoteles
1288 2103 1370 2175 enim
1387 2101 1464 2166 dicit

127 2211 232 2276 duim.
257 2211 342 2274 Hist.
368 2209 390 2274 1.
417 2209 461 2273 IX
484 2228 513 2274 o.
540 2210 583 2272 49
606 2209 624 2292 ἓ
649 2210 712 2271 255
730 2208 795 2288 ᾄδει
811 2215 941 2291 συνεχῶς
959 2188 1074 2292 ἡμέρας
1090 2207 1138 2271 καὶ
1167 2206 1271 2277 νυκτας
1287 2204 1461 2288 δεκαπέντε,

127 2317 200 2405 ὅτανΙ
219 2316 252 2378 τδ
275 2316 340 2400 ἄρος
364 2313 532 2397 δασδνηται,
557 2333 638 2399 quae
660 2317 707 2380 ita
728 2317 954 2398 interpretatur
975 2315 1095 2381 Plinius
1118 2316 1192 2383 Nat.
1219 2316 1303 2381 Hist.
1330 2315 1353 2379 1.
1378 2316 1408 2378 X
1432 2333 1461 2380 c.

128 2428 169 2490 29
193 2427 211 2510 ξ
235 2426 289 2489 81:
317 2423 480 2490 'densante
502 2441 536 2489 se
559 2422 714 2488 frondium
736 2423 897 2506 germina’.
923 2423 993 2489 Hoc
1016 2442 1137 2507 quoque
1169 2424 1340 2493 seeundum
1370 2428 1463 2490 natu-

127 2551 196 2597 ram
219 2535 277 2613 est,
301 2531 384 2615 quod
406 2531 561 2596 Homerus
584 2548 655 2596 eam
678 2547 791 2596 canere
815 2529 892 2595 dicit
915 2525 1059 2614 δενδρέων
1089 2526 1122 2593 ἐν
1154 2527 1304 2593 πετάλοισι
1337 2530 1432 2601 κάθες
1448 2568 1463 2583 -

128 2635 220 2720 μένην
244 2643 415 2717 πυκινοῖσιν,
440 2640 476 2701 ut
497 2639 581 2701 enim
605 2656 686 2702 nunc
707 2637 829 2720 physici
865 2637 972 2703 dicunt
1006 2636 1128 2703 occulta
1160 2637 1323 2704 lusciniam
1355 2657 1463 2705 amare

126 2745 283 2823 fruticeta,
308 2746 355 2809 ita
377 2746 442 2809 iam
467 2747 589 2810 veteres
612 2745 671 2808 hoc
693 2744 911 2824 observarunt,
936 2747 970 2809 ut
1003 2743 1168 2828 Euripides
1200 2744 1273 2810 Hel.
1309 2765 1338 2810 v.
1377 2747 1462 2810 1107

127 2851 160 2914 σὲ
184 2851 238 2913 τάν
262 2848 421 2921 ἐναολείοις
435 2850 500 2924 υπὸ
524 2847 726 2933 δενδροκόμοις
751 2857 875 2933 μουσεῖα
899 2850 946 2912 καὶ
972 2848 1080 2920 θάκους
1109 2848 1257 2920 ἐνίζουσαν
1293 2847 1460 2935 ἀναβοάσω,

126 2962 162 3024 ut
186 2960 410 3042 Aristophanes
433 2959 492 3023 Au.
516 2959 641 3034 v.‚215,
666 2961 717 3041 qui
740 2957 898 3034 iussimus,
922 2959 1033 3041 inquit,
1058 2955 1175 3041 καθαρά
1199 2964 1293 3042 χωρεῖ
1317 2957 1364 3020 διά
1388 2961 1462 3042 φυλ-

126 3063 253 3149 λοκόμου
277 3063 417 3148 σμίλακος
440 3062 509 3149 ἠχὼ
533 3064 602 3149 πρὸς
626 3063 692 3134 Διὸς
717 3064 815 3149 ἕδρας,
846 3068 881 3129 ut
913 3064 1046 3146 Quintus
1076 3066 1267 3149 Smyrnaeus
1298 3065 1459 3131 Posthom.

125 3175 148 3239 l.
166 3173 227 3239 XII
246 3193 277 3238 v.
304 3174 380 3251 489,
405 3170 443 3241 ὡς
467 3170 494 3233 δ’
516 3170 558 3232 ὅτ’
582 3168 729 3254 ἐρημαίην
752 3169 939 3256 περιμὺρεται
963 3168 1038 3256 ἀμφὶ
1062 3169 1169 3253 καλιὴν
1192 3171 1288 3234 πολλὰ
1312 3169 1383 3254 μάλ’
1405 3169 1462 3256 ἄχ-

127 3277 238 3363 νυμὲνη
261 3279 336 3342 κατά
360 3276 478 3341 δάσκιον
502 3279 590 3362 ἄχκος
615 3275 727 3361 ἀηδών,
752 3282 789 3343 ut
812 3278 954 3344 Cutldlus
976 3298 1005 3344 c.
1032 3279 1115 3345 LXV
1140 3299 1170 3344 v.
1199 3281 1238 3344 13
1265 3277 1381 3362 ‘qualia
1405 3281 1463 3347 sub

127 3384 231 3453 densis
246 3406 403 3452 ramorum
419 3388 554 3452 concinit
571 3388 687 3451 umbris
706 3387 856 3467 Daulias',
875 3391 910 3450 ut
924 3387 1057 3470 denique
1072 3386 1226 3469 Vergilius
1242 3386 1357 3468 Georg.
1377 3388 1399 3452 l.
1418 3389 1463 3453 IH

128 3514 158 3558 ν.
185 3496 246 3559 511
284 3493 428 3578 ‘populea
451 3513 594 3560 maerens
617 3494 785 3577 philomela
815 3496 872 3559 sub
896 3493 1015 3559 umbra'
1039 3495 1240 3578 (quamquam
1263 3497 1362 3560 bonus
1384 3497 1462 3561 Ver-

126 3600 218 3684 gilius
240 3601 279 3666 de
302 3601 424 3686 populis
448 3601 569 3667 videtur
592 3602 738 3692 errasset.
765 3600 855 3682 Quod
877 3601 950 3666 licet
972 3619 1035 3665 non
1058 3602 1149 3666 unius
1171 3601 1319 3667 lusciniae
1335 3603 1376 3667 sit
1391 3621 1462 3685 pro-

125 3712 239 3794 prium,
264 3712 371 3775 tamen
394 3711 545 3777 memoria
567 3709 696 3792 dignum
719 3712 780 3788 est,
805 3727 874 3786 esse
897 3710 1018 3774 oscines
1041 3709 1204 3791 quasdam,
1231 3727 1311 3792 quae
1331 3711 1363 3773 in
1379 3728 1462 3775 sum-

126 3820 184 3883 mis
207 3818 352 3882 arborum
375 3817 472 3881 ramis
494 3815 666 3881 insidentes
688 3834 801 3881 canere
825 3819 943 3896 ament,
966 3819 1002 3879 ut
1025 3834 1108 3896 eam,
1134 3834 1215 3899 quae
1247 3835 1328 3882 nunc
1360 3815 1461 3882 aedon

125 3923 308 4006 galactodes
331 3922 507 4006 appellatur
530 3941 550 3989 a
573 3924 719 4006 physicis,
743 3925 830 3989 cuius
853 3925 931 3989 baec
954 3923 1145 3990 consuetudo
1163 3923 1243 3988 adeo
1259 3925 1385 4007 propria
1399 3928 1459 4004 est,

125 4035 161 4096 ut
192 4034 231 4097 Α.
266 4030 380 4095 Brehm
412 4028 496 4095 dicat
519 4032 634 4096 rectius
657 4029 791 4095 eandem
815 4030 988 4112 agrobaten
1011 4048 1080 4096 esse
1107 4029 1460 4113 appellandam-aoro-

126 4139 221 4204 baten
254 4139 391 4203 debebat
414 4137 530 4203 dicero.
564 4136 707 4203 Eandem
730 4139 770 4202 ob
791 4155 918 4202 causam
953 4156 1016 4203 non
1039 4141 1114 4221 puto
1137 4137 1316 4221 Euripidem
1339 4137 1458 4203 Phoen.

41 4256 44 4261 ’
125 4266 156 4310 v.
185 4247 282 4325 1518,
308 4264 378 4310 oum
402 4241 444 4314 τίς
468 4244 514 4329 ἄρ’
537 4244 612 4327 ὄρνις
635 4241 656 4327 ἢ
681 4243 763 4328 δρυὸς
787 4268 807 4327 η
833 4241 941 4314 ἐλάτας
965 4241 1137 4329 άκροκάμοις
1161 4240 1238 4328 ἀμφὶ
1261 4241 1380 4313 κλάδοις
1397 4240 1461 4313 ἑζο-

72 4385 82 4397 ·
125 4347 200 4433 μένα
225 4347 422 4433 μονομάτορος
447 4347 584 4434 ὀδυρμοῖς
608 4348 693 4433 ἐμοῖς
717 4351 804 4434 ἄχεσι
827 4347 965 4431 συνῳδάς;
994 4351 1090 4430 diout,
1104 4353 1259 4434 spectaro
1282 4350 1458 4430 lusciniam,

124 4458 240 4524 nedum
263 4458 358 4524 Hero.
384 4458 443 4523 fur.
470 4479 501 4524 u.
530 4460 615 4523 1039
640 4458 679 4528 ὥς
702 4481 744 4527 τις
767 4459 843 4540 ὄρνις
866 4458 991 4542 ἄπτερον
1017 4454 1202 4520 καταστένων
1225 4454 1318 4518 ὠδῖνα
1351 4454 1460 4519 τέκνων

125 4568 158 4632 ei
180 4564 296 4644 Γ1101111.
323 4585 354 4632 v.
381 4566 445 4630 829
470 4559 534 4628 οἷον
559 4563 584 4628 δ’
611 4562 682 4650 ὑπὲρ
706 4560 803 4636 οἰωνὸς
828 4561 936 4647 τεκέων
960 4564 1024 4650 βοᾷ,
1049 4565 1128 4639 hoec
1150 4566 1233 4630 euim
1256 4565 1335 4630 sniis
1362 4564 1460 4650 expli·
