3284 5174
718 323 988 390 --15--Α

61 558 64 563 ·
155 501 327 594 silvestrem
363 523 463 609 φύλλα
478 582 481 596 ,
496 523 580 607 ὅμοια
614 522 746 608 capillum
778 520 895 606 666616)
929 522 1051 604 (solano
1075 523 1238 606 hortensi),
1262 520 1429 606 nlccdcepa
1453 518 1486 582 δὲ

153 635 202 696 καὶ
225 630 390 715 μικρότερα,
408 630 517 715 καρπὸν
541 628 573 692 δὲ
598 630 679 714 ἔχειν
695 627 852 714 [impedium
869 635 981 713 μικροῖς
995 629 1103 711 ὅμοιον,
1120 625 1332 711 πεπαινόμενον
1348 625 1483 713 ἐρυθρόν.

221 739 300 803 Cum
323 741 428 804 autern
451 737 491 803 de
514 738 630 820 plentis
652 755 755 803 sermo
778 737 933 817 inciderit,
956 736 996 801 (16
1019 738 1158 805 narcisso
1194 754 1317 819 666666
1341 739 1373 801 61
1396 754 1487 802 croco

152 865 256 931 peuce
279 827 434 925 dieemQ
455 848 508 928 qui
532 865 560 910 v.
587 847 648 909 681
675 841 799 906 θάλλειν
823 841 956 928 οὐρανίας
971 842 1019 905 ὑπ’
1036 844 1130 928 ἄχνας
1145 844 1300 910 dicuntur.
1320 844 1389 910 Hee
1405 845 1487 909 enim

94 946 96 951 ’
152 953 225 1020 1166
245 952 306 1017 (1161
329 952 523 1018 arbitrantur
546 951 761 1036 Schneidewin
785 955 817 1018 61
840 951 961 1031 116661,
988 952 1071 1034 6661
1094 955 1227 1035 utraque
1250 952 1360 1037 planta
1381 953 1414 1017 in
1436 971 1488 1015 ru-

152 1063 243 1146 pibus
265 1048 423 1126 nascatnr.
447 1060 555 1144 Neque
579 1077 653 1126 vero
675 1061 735 1125 hoc
757 1059 902 1143 equidem
924 1061 971 1125 ita
994 1077 1028 1125 se
1051 1060 1168 1126 habere
1201 1079 1332 1143 usquam
1367 1062 1485 1125 inveni.

153 1168 268 1234 Variae
291 1169 375 1232 enim
398 1166 485 1233 floris
511 1169 642 1232 narcissi
665 1169 738 1232 sunt
761 1169 892 1250 species
918 1184 1049 1249 quarum
1072 1186 1136 1232 una
1168 1170 1217 1232 est
1248 1168 1402 1231 narcissus
1436 1168 1489 1248 qui

154 1293 235 1340 nunc
258 1266 388 1339 vocatur
419 1276 585 1354 serotinus,
609 1273 712 1341 cltera
747 1275 799 1355 qui
832 1275 986 1357 poeticus.
1013 1273 1104 1338 Hanc
1136 1272 1334 1338 Dioscorides
1365 1274 1489 1355 spectat

157 1381 236 1447 Mat.
261 1380 343 1448 med.
368 1381 391 1446 l.
417 1380 479 1446 IIII
503 1401 531 1445 e.
560 1382 635 1460 158,
662 1399 731 1445 eum
755 1378 870 1464 φύεται,
893 1382 1006 1464 inquit,
1042 1379 1057 1440 ὁ
1089 1377 1243 1450 κάλλιστος
1273 1378 1423 1464 νάρκισσος
1456 1376 1489 1440 ἐν

104 1569 107 1574 .
155 1488 278 1573 ὀρεινοῖς
300 1485 409 1566 τόποις,
434 1485 557 1572 εὐώδης,
582 1489 696 1554 deinde
719 1489 827 1554 flerem
850 1491 917 1554 eius
937 1488 1077 1572 appellat
1092 1489 1302 1574 πορφυροειδὴ,
1321 1486 1490 1553 cumidem

155 1597 195 1661 611
217 1593 383 1675 66611166,
410 1595 502 1680 calyx
536 1595 718 1677 herbaceus,
744 1597 825 1662 sicut
847 1599 933 1662 recte
956 1599 1004 1662 est
1028 1595 1112 1679 apud
1145 1595 1282 1661 Plinium
1304 1596 1377 1660 Nat.
1402 1595 1486 1659 Hist.

153 1701 176 1765 l.
202 1702 278 1766 XXI
301 1719 329 1766 6.
357 1703 375 1764 5
400 1722 432 1785 p.
460 1704 513 1783 213
540 1703 655 1784 omisit,
679 1702 819 1787 calycem
843 1721 998 1786 purpureo
1013 1704 1155 1784 margine
1183 1705 1317 1784 angusto
1344 1704 1489 1766 ornatum

154 1827 236 1887 esse,
262 1801 356 1890 quam
379 1810 420 1874 ob
441 1827 570 1875 causam
592 1809 748 1892 Vergilius
771 1809 879 1876 eclv
903 1829 933 1874 u.
962 1811 1003 1874 38
1027 1828 1214 1893 purpureum
1238 1827 1309 1874 eum
1328 1791 1486 1893 appellat.

157 1915 258 1996 Atque
293 1917 373 1981 hunc
409 1934 478 1982 esse
513 1915 646 1982 eundem
681 1920 734 2000 qui
767 1935 849 1981 nunc
876 1919 1017 2000 poeticus
1040 1922 1246 2001 nuncupatur,
1273 1917 1408 2000 probant
1431 1917 1491 1980 viri
1569 1988 1572 1995 ¹

156 2023 240 2089 docti
271 2025 358 2090 huius
390 2027 435 2090 rei
469 2027 572 2108 periti,
596 2027 677 2091 61661
709 2025 742 2089 F.
768 2027 819 2091 W.
846 2024 1004 2107 Burbidge
1034 2026 1116 2090 etl.
1143 2025 1181 2091 G.
1206 2025 1322 2105 Baker,
1348 2025 1490 2089 homines

157 2130 259 2213 Angli,
282 2133 314 2195 in
337 2131 417 2196 libro
441 2133 493 2214 661
527 2133 705 2198 inscribitur
727 2133 793 2198 'lhe
816 2132 989 2198 Narcissus:
1026 2134 1068 2197 its
1103 2134 1226 2218 history
1260 2131 1323 2198 and
1356 2131 1502 2209 culture„

155 2237 290 2303 hundini
314 2256 343 2304 a.
368 2237 624 2306 MDOOCLXXV
647 2240 772 2319 emisso,
787 2240 1002 2324 pulcherrimis
1024 2241 1214 2321 imaginibus
1237 2243 1363 2319 ornabo,
1381 2260 1413 2322 p.
1433 2241 1486 2318 553

155 2343 239 2409 hand
261 2363 367 2410 rarum
391 2345 524 2412 eundem
548 2362 616 2412 esse
639 2349 671 2413 in
699 2349 858 2413 montibus
888 2347 1012 2413 mediae
1044 2347 1229 2424 altitudinis,
1254 2365 1334 2429 6666
1367 2365 1490 2411 616666Ἶ

155 2453 239 2517 buna
272 2471 354 2518 nunc
385 2469 406 2518 a
429 2452 559 2519 Graecis
589 2454 745 2534 dicantur,
771 2455 808 2521 O.
834 2455 932 2521 Fraas
955 2457 987 2518 in
1011 2455 1146 2538 Synopsi
1169 2453 1224 2518 illa
1246 2473 1278 2537 p.
1304 2455 1490 2520 66516616-

155 2561 217 2640 tur,
242 2560 299 2625 sed
321 2560 380 2626 'lh
406 2559 446 2625 de
470 2560 638 2627 Heldreich
661 2564 694 2627 in
717 2563 824 2628 libello
848 2562 887 2627 de
911 2562 1029 2645 plantis
1060 2563 1196 2645 quaein
1220 2561 1326 2626 Attica
1358 2561 1489 2643 planitie

156 2669 336 2748 gignuntur,
362 2667 401 2732 Α.
428 2667 615 2734 Mommseni
649 2669 729 2735 libro
764 2669 804 2736 (16
827 2669 922 2735 Horis
945 2668 1073 2734 Graecis
1095 2670 1214 2733 inserto
1237 2666 1328 2752 (fasc.
1354 2667 1395 2749 V)
1417 2685 1488 2732 cunr

156 2790 220 2838 non
242 2774 361 2858 recepit
383 2776 417 2839 in
439 2775 575 2842 indicem
598 2776 777 2861 plantarum
799 2779 832 2842 in
855 2777 987 2844 collibus
1010 2779 1043 2842 et
1066 2775 1155 2841 clivis
1178 2794 1258 2858 quae
1289 2792 1371 2840 nunc
1406 2772 1489 2858 inpo-

155 2877 255 2963 βοόνια
278 2885 439 2961 vocantur,
462 2884 520 2947 sub
543 2885 654 2949 umbra
677 2881 830 2968 φρυγάνων
854 2885 886 2950 h.
912 2904 942 2951 6.
968 2883 1184 2949 fruticetorum
1218 2900 1385 2967 parvorum
1416 2899 1489 2947 666-

156 2990 302 3071 centium,
326 2991 380 3073 661
403 2992 451 3056 661
474 3008 495 3055 6
517 3010 549 3074 p.
577 2992 642 3054 534
665 3009 762 3074 66666
777 2992 819 3057 61
839 3012 871 3076 p.
900 2994 976 3072 537,
1002 3010 1072 3056 cum
1094 3008 1203 3056 eorum
1225 2990 1364 3055 locorum
1387 2990 1489 3054 minus

155 3111 228 3158 cum
240 3098 398 3178 proprium
409 3114 478 3164 esse
491 3097 636 3165 videatur
648 3099 857 3165 existimasse.
883 3099 1061 3164 Narcissum
1078 3101 1184 3164 autem
1200 3099 1381 3177 serotinum,
1397 3114 1487 3179 quem

158 3199 312 3283 Vergilius
340 3200 456 3287 Georg.
482 3205 504 3269 l.
531 3204 592 3269 llll
615 3223 646 3270 v.
675 3208 736 3271 122
762 3205 840 3271 dicit
862 3224 933 3272 sera
956 3208 1145 3287 comantem,
1160 3207 1193 3270 et
1208 3205 1380 3270 narcissum
1397 3222 1487 3286 quem

155 3323 238 3372 nunc
259 3309 416 3375 tarettam
439 3311 489 3376 vel
513 3311 705 3377 Hermionen
729 3315 885 3379 tazcttam
909 3316 1033 3395 vocent,
1056 3312 1142 3378 idem
1163 3332 1196 3396 p.
1224 3313 1287 3376 525
1308 3312 1356 3376 ait
1371 3328 1440 3377 esse
1456 3311 1489 3375 in

154 3429 283 3480 numero
318 3401 508 3498 plantarum,
534 3434 615 3500 6666
639 3436 746 3483 eorum
768 3419 919 3500 locorum,
942 3437 1027 3503 ,6666
1056 3436 1140 3484 6666
1172 3414 1297 3481 illesic
1330 3417 1486 3496 dicantur,

156 3520 332 3587 umidorum
354 3525 388 3587 et
410 3522 615 3591 demissorum
637 3526 792 3609 propriae.
806 3527 881 3592 sint.
907 3527 1018 3610 116666
1041 3527 1210 3599 narcissum
1225 3527 1391 3606 tazettam,
1408 3541 1488 3607 6666

154 3647 237 3695 nunc
266 3648 286 3696 a
318 3629 449 3696 Graecis
481 3630 645 3716 τουμπὰκια
679 3637 819 3715 vocetur,
845 3635 882 3702 C.
908 3635 1006 3703 lhaas
1028 3655 1060 3720 p.
1089 3637 1151 3700 286
1185 3653 1206 3701 a
1238 3632 1391 3718 Sophocle
1426 3631 1488 3699 dici

154 3740 327 3805 existimat.
354 3739 563 3808 Confirmatur
585 3744 645 3810 hoc
667 3743 824 3812 adiectivo
842 3741 1045 3829 καλλίβοτρυς,
1061 3763 1135 3810 narn
1149 3747 1182 3810 in
1197 3745 1335 3810 narcisso
1364 3745 1488 3827 poetico

155 3862 233 3911 unus
256 3845 313 3912 flos
336 3850 385 3912 cst
408 3848 491 3914 cauli
513 3848 661 3932 insidens,
684 3853 717 3915 in
740 3854 878 3918 narcisso
896 3854 1020 3923 tazetta
1034 3853 1124 3917 multi
1139 3854 1219 3919 sicut
1234 3870 1364 3918 uvarum
1389 3852 1488 3917 bacae
1532 3923 1534 3927 ,

157 3956 330 4035 compositi
356 3956 465 4038 hymn.
490 3958 524 4022 in
547 3958 692 4025 Cererem
715 3979 746 4026 v.
775 3962 814 4026 12
839 3967 890 4022 τοῦ
912 3961 960 4022 καὶ
985 3956 1042 4021 ἀπὸ
1067 3957 1147 4042 ῥίζης
1178 3956 1282 4022 ἑκατὸν
1315 3955 1393 4043 κάρη
1425 3955 1488 4025 ἐξε-

157 4054 289 4138 cephea,
313 4060 407 4127 ovid.
434 4063 513 4129 Met.
538 4064 561 4130 l.
587 4066 687 4132 1116.
715 4069 778 4131 509
802 4085 986 4133 croceum...
1013 4067 1133 4147 florem,
1159 4065 1240 4132 foliis
1263 4065 1400 4131 medium
1421 4066 1487 4130 cin-

156 4164 303 4243 gentibus
324 4169 416 4236 albis.
441 4171 481 4237 V.
508 4170 544 4238 C.
570 4171 732 4257 Sprengali
765 4174 878 4241 librmn
902 4176 953 4258 qui
976 4176 1153 4241 inscribitur
1175 4172 1397 4257 Theophrast’s
1424 4172 1487 4238 Na-

154 4271 384 4352 turgeschiohte
407 4277 463 4344 der
486 4278 658 4347 Gewiicbse
681 4283 841 4348 iibersetzt
866 4280 928 4346 und
951 4281 1103 4347 erlbutert
1126 4280 1155 4345 ll
1171 4278 1234 4345 vol.
1251 4299 1283 4364 p.
1304 4281 1380 4344 242.
1400 4278 1486 4344 Idem

154 4380 686 4471 66611161.Β6611161ι66,6611116
714 4391 785 4473 ipsa
818 4389 889 4455 loca
923 4407 1004 4471 quae
1036 4390 1149 4458 circum
1181 4386 1292 4452 collem
1315 4385 1486 4452 Coloneum

150 4489 238 4568 sunt,
264 4488 344 4557 libro
376 4510 467 4575 quem
501 4493 583 4561 infra
617 4495 754 4561 dicemus
787 4516 820 4580 p.
849 4497 910 4560 195
943 4495 1118 4561 hocmodo
1142 4493 1301 4576 describit,
1327 4492 1484 4571 ccciccc,

152 4611 325 4664 anemonas
359 4617 529 4682 purprueas
559 4603 592 4666 et
624 4600 723 4683 albas,
756 4602 942 4667 ranunculos
974 4605 1006 4668 61
1029 4603 1185 4667 narcissos
1223 4603 1372 4682 16661166,
1397 4601 1484 4665 varia
