3284 5174
719 262 921 326 ..20-

101 488 103 495 *
152 480 220 528 sere
244 460 504 526 mortuum-hoo
527 460 610 524 enim
635 460 736 524 verbis
759 478 789 523 v.
818 460 881 523 212
905 457 955 520 τὸν
978 456 1049 542 ἐμὸν
1073 459 1121 521 καί
1142 458 1191 520 ούν
1207 457 1389 545 πολύδακρυν
1403 461 1484 525 Ἴτυν

153 567 276 633 videtur
298 567 580 631 contineri-certo
604 564 803 645 credendum,
830 565 890 630 hac
921 584 956 630 re
987 584 1050 630 non
1082 566 1280 631 mediocriter
1314 567 1485 634 delectatos

63 685 64 689 ’
153 693 221 741 esse
245 676 438 757 spectatores
461 673 678 754 Athenienses,
703 674 816 756 quippe
841 674 951 756 quibus
978 673 1084 738 fabula
1119 674 1158 738 de
1190 676 1288 739 Tereo
1322 677 1484 741 notissima
1605 672 1611 680 '

75 811 78 827 ·
153 785 250 849 esset.
273 782 381 865 Neque
404 782 505 846 minus
528 782 595 846 siue
611 779 714 855 ‚dubio
746 780 848 845 eidem
884 780 1120 847 delectabantur
1153 781 1207 847 illo
1244 784 1390 860 carmine,
1426 802 1485 865 quo

152 910 258 976 upupa
279 908 420 970 uxorem,
437 907 517 973 quae
532 891 602 973 ipsa
618 908 740 972 quoque
754 892 825 972 post
840 890 1007 973 prandium
1021 891 1178 973 meridiat,
1196 908 1212 956 e
1228 908 1337 957 somno
1353 894 1436 957 excit
1458 895 1483 957 t.

153 1000 262 1064 Risum
275 999 358 1064 enim
369 1016 495 1063 movere
518 997 642 1062 videtur
663 1014 771 1079 upupa
791 998 934 1077 maritus,
961 999 1013 1080 qui
1035 1000 1102 1080 ipse
1125 998 1257 1063 canendi
1279 1000 1364 1065 rudis
1387 1002 1487 1071 iactat

153 1111 280 1174 cantum
313 1108 418 1171 uxoris
441 1104 488 1167 διὰ
512 1100 594 1165 θείου
630 1100 773 1185 στόματος
796 1099 872 1186 ἱερὸν
897 1123 928 1168 v.
956 1105 1020 1167 210
1044 1108 1077 1168 et
1102 1107 1178 1185 213,
1204 1107 1257 1188 qui
1283 1106 1333 1170 ’bd
1367 1107 1487 1172 coelum

152 1233 249 1299 usque
272 1216 436 1298 permanet
459 1211 506 1274 διὰ
531 1205 720 1295 φυλλοκόμου
758 1208 899 1294 σμίλακος
923 1232 954 1276 v.
983 1213 1058 1276 215.
1085 1212 1231 1277 Hederae
1263 1216 1380 1294 autem,
1407 1231 1488 1296 quae

153 1323 237 1407 apud
260 1321 444 1406 Sophoclem
467 1322 526 1401 est,
549 1320 651 1385 locum
675 1319 759 1402 apud
782 1320 1024 1402 Aristophanem
1039 1322 1127 1384 tenet
1140 1319 1255 1384 smilax
1268 1338 1390 1401 aspera,
1407 1340 1488 1403 quae

152 1449 234 1496 nunc
257 1448 276 1495 a
300 1429 429 1496 Graecis
453 1422 668 1511 ἀρκοοδὸτατος
692 1425 742 1491 vel
765 1422 896 1508 ἀηλιάκα
920 1429 1059 1508 vocatur,
1076 1444 1169 1509 quam
1185 1428 1243 1491 Th.
1261 1427 1300 1492 de
1320 1410 1488 1492 Heldreieh

152 1539 175 1603 l.
202 1556 230 1604 c.
255 1556 288 1621 p.
317 1538 381 1600 560
404 1535 480 1600 dicit
502 1536 687 1618 praesertim
710 1535 798 1598 iuxta
820 1535 904 1616 ripas
928 1532 1092 1598 fluviorum
1114 1552 1177 1598 una
1200 1552 1270 1599 curn
1301 1552 1373 1599 rosa
1405 1553 1487 1600 sem-

152 1645 322 1730 peruirenti
356 1643 420 1708 alte
456 1643 534 1709 eniti
566 1644 600 1706 in
633 1641 769 1724 platanis
803 1640 935 1722 aliisque
958 1642 1131 1706 arboribus
1157 1642 1238 1706 Nam
1262 1642 1489 1725 Aristophanes

153 1752 265 1818 eadem
298 1749 464 1816 manifesto
498 1748 567 1813 loca
594 1751 717 1831 spectat
740 1765 822 1830 quae
845 1748 1022 1830 Sophocles,
1045 1750 1160 1813 circino
1184 1749 1293 1813 collem
1317 1748 1489 1815 Coloneum

153 1860 303 1925 iacentia.
330 1857 417 1940 Quae
443 1873 536 1923 nemo
559 1856 661 1938 magis
684 1855 799 1920 diserte
823 1857 918 1938 atque
941 1856 1101 1938 perspicue
1134 1855 1256 1920 videtur
1290 1854 1489 1939 descripsisse

127 1959 132 1975 ³
154 1985 249 2050 quam
271 1965 310 2031 A.
337 1964 517 2030 Boetticher
539 1965 571 2027 in
595 1963 672 2028 libro
697 1964 749 2046 qui
767 1964 944 2028 inscribitur
959 1962 1023 2027 Auf
1034 1962 1245 2045 griechischen
1261 1962 1488 2029 Landstrassen
1559 1982 1563 1999 ·

152 2094 184 2158 p.
215 2075 289 2138 193.
316 2071 378 2137 Sed
401 2071 485 2136 idem
519 2070 678 2136 smilacem
702 2071 815 2150 omisit,
840 2069 971 2135 fortasse
995 2069 1078 2152 quod
1112 2069 1247 2135 hederae
1282 2073 1331 2135 est
1365 2071 1485 2151 sinilia

152 2180 232 2244 sicut
256 2177 453 2257 011110110ηο,
476 2177 524 2240 ita
546 2174 707 2241 §milacem
731 2170 965 2252 ἐπαλλύκαυλον,
991 2176 1104 2259 φῦλλον
1137 2175 1273 2244 κιττιῦδες
1307 2193 1386 2256 esse,
1410 2195 1486 2241 uvas
1611 2173 1614 2187 Α

153 2287 260 2350 autem
282 2283 417 2368 pendere
441 2288 537 2344 κιττοῦ
571 2278 688 2366 τρόπον,
714 2279 896 2366 παρεγγίζειν
929 2280 962 2344 δὲ
995 2284 1107 2364 μᾶλλον
1142 2281 1211 2366 πρὸς
1246 2279 1302 2365 τὴν
1336 2277 1485 2366 σταφυλὴν

153 2392 385 2475 Theophrastus
408 2393 516 2456 auctor
539 2393 588 2455 est
611 2390 694 2455 Hist.
720 2390 825 2455 Plani.
851 2391 873 2455 l.
899 2390 945 2455 ΙΙΙ
968 2408 995 2455 ο.
1016 2391 1055 2454 18
1075 2410 1107 2473 ρ.
1129 2391 1180 2472 11,
1194 2386 1363 2453 illuceatur
1380 2392 1485 2455 autem

153 2517 192 2565 ea
224 2497 288 2582 περὶ
320 2496 357 2560 τὰ
390 2493 495 2581 δένδρα
528 2495 567 2566 ὡς
600 2497 660 2559 ἄνιο
683 2496 730 2558 καὶ
755 2495 834 2559 κάτον
858 2493 1023 2580 νεμομένην
1058 2498 1257 2563 Dioscorides
1292 2498 1372 2563 Mat.
1398 2497 1484 2562 Med.

152 2607 175 2672 l.
202 2606 262 2671 ΠΙΙ
284 2625 312 2672 c.
341 2606 416 2671 142.
443 2604 560 2670 Similis
583 2607 632 2670 est
655 2604 822 2688 descriptio
845 2605 906 2670 luci
922 2605 1082 2671 cmusdam
1096 2605 1179 2688 apud
1196 2606 1346 2671 Achillem
1361 2604 1487 2670 Tatium

153 2715 174 2778 l.
201 2714 266 2779 Ιο.
296 2714 334 2777 15
360 2708 445 2781 ἐνίοις
468 2717 525 2773 τιῦν
550 2707 676 2796 δένδρων
698 2718 756 2773 τῶν
780 2709 942 2795 ἁδροτέρων
965 2711 1059 2782 κιττὸς
1088 2713 1138 2774 καὶ
1169 2712 1276 2796 αμῐλαξ
1311 2707 1489 2797 περιεπεφύ-

153 2843 210 2901 κει,
235 2816 256 2903 ἡ
281 2818 335 2901 μὲν
359 2814 546 2903 ἐξηρτημένη
569 2816 719 2882 πλατάνου
743 2819 1037 2904 καὶπεριπυκάζουσα
1063 2817 1163 2904 ραδινη
1187 2827 1224 2902 τῇ
1240 2816 1329 2903 κύμη·
1346 2818 1362 2881 ὁ
1379 2817 1412 2881 δὲ
1429 2841 1489 2880 κιτ-

153 2926 201 2998 τύς
236 2926 301 3011 περὶ
336 2923 448 3009 πεύκην
473 2923 605 3010 ἑλιχθείς
630 2923 767 3006 ᾠκειοῦτο
791 2926 823 2989 τὸ
847 2924 965 3011 δένδρον
989 2933 1054 2997 ταῖς
1078 2929 1278 3011 περιπλοκαῖς,
1303 2925 1351 2988 καὶ
1376 2923 1489 3008 ἐγίνετο

153 3042 194 3116 τῷ
218 3041 303 3114 κιττῷ
327 3034 429 3117 ὄχημα
453 3033 485 3094 τύ
509 3029 612 3117 φυτύν,
639 3030 782 3118 στέφανος
806 3031 838 3095 δέ
863 3033 878 3096 ύ
903 3033 995 3104 κιττὸς
1019 3041 1069 3097 τοῦ
1093 3042 1193 3118 φυτοῦ.
1219 3034 1346 3117 ἄμπελοι
1370 3031 1405 3096 δὲ
1419 3030 1489 3095 ἑκα-

153 3139 284 3227 τέρωθεν
317 3147 367 3203 τοῦ
399 3136 519 3225 δένδρου
554 3138 699 3224 καλάμοις
734 3139 932 3226 ἐποχούμενοι
964 3148 1026 3212 τοῖς
1050 3140 1172 3227 φύλλοις
1197 3141 1370 3207 ἔδαλλον...
1396 3138 1431 3201 τὰ
1455 3135 1488 3199 δὲ

158 3247 237 3331 ἄνθη
269 3245 404 3329 ποικίλην
440 3247 548 3332 έχοντα
581 3245 636 3331 τὴν
669 3243 762 3333 χρύαν
797 3245 828 3311 ἐν
861 3245 944 3332 μέρει
977 3245 1162 3334 συνεξέφαινε
1185 3249 1218 3311 τύ
1242 3246 1352 3318 κάλλος
1382 3246 1429 3309 καί
1452 3238 1491 3329 ἦν
1589 3272 1599 3287 =

157 3363 241 3419 τοῦτο
264 3361 318 3439 τῆς
342 3362 397 3440 γῆς
420 3354 554 3440 πορφύρα
579 3357 718 3440 (lacuna)
743 3355 790 3419 καὶ
815 3354 964 3442 νάρκισοος
987 3357 1034 3420 καί
1059 3353 1155 3441 ρύδον.

197 3505 200 3511 -
225 3465 270 3530 Ut
292 3467 399 3529 autem
421 3464 522 3529 Varro
546 3464 585 3529 de
608 3463 727 3547 Lingua
750 3465 821 3530 Lat.
847 3465 869 3530 l.
895 3465 1007 3530 1ch.
1037 3467 1074 3529 11
1100 3468 1185 3530 reete
1217 3463 1294 3529 dicit
1328 3464 1492 3529 lusciniam

157 3573 297 3638 luctuose
321 3590 433 3638 canere
457 3574 630 3638 existimari
653 3575 752 3656 atque·
771 3591 839 3639 esse
862 3592 902 3638 ex
924 3574 1031 3638 Attica
1054 3574 1175 3655 Progne
1206 3575 1240 3636 in
1267 3573 1352 3638 luctu
1374 3571 1493 3638 factam

158 3681 468 3746 avem—haecenim
481 3682 619 3745 omnium
641 3684 711 3746 erat
734 3682 929 3764 opinio-ita
951 3699 1088 3764 upupam
1112 3698 1233 3763 quoque
1255 3683 1387 3745 mortem
1403 3680 1491 3763 Ityos

160 3786 328 3853 deflentem
350 3789 468 3870 primus
490 3787 715 3870 Aristophanes
738 3789 861 3854 videtur
883 3787 1052 3868 induxisse,
1078 3791 1114 3852 nt
1137 3789 1258 3853 animos
1278 3790 1490 3870 spectatorum

159 3912 216 3960 suo
238 3912 325 3960 more
349 3898 569 3960 commoveret.
596 3896 741 3962 Fortasse
769 3897 913 3963 Socrates
942 3896 1123 3962 Platonicus
1156 3897 1223 3979 ipse
1255 3914 1377 3979 quoque
1410 3891 1493 3980 εἰρο-

160 3998 222 4082 νείᾳ
255 4001 392 4085 quadam
425 4021 499 4068 ustus
534 4003 775 4086 Aristophanem
806 4005 971 4089 spectavit,
1005 4021 1074 4068 cum
1105 4002 1310 4085 pulcherrimo
1342 4001 1396 4066 illo
1423 4001 1494 4067 loco

160 4109 280 4174 Phaed.
307 4127 334 4175 ο.
362 4111 403 4173 35
428 4130 459 4193 p.
487 4111 528 4173 85
553 4111 580 4174 A
605 4110 705 4177 olores
728 4111 803 4176 dicit
826 4113 995 4178 morientes
1009 4128 1121 4176 canere
1137 4128 1199 4175 uon
1215 4109 1298 4192 quod
1313 4112 1491 4186 maereant,

160 4216 216 4284 sed
240 4216 323 4300 quod
345 4217 432 4282 brevi
455 4221 594 4302 tempore
618 4237 652 4284 se
675 4237 738 4283 una
753 4214 830 4284 hum
853 4218 996 4302 Apolline
1020 4217 1145 4282 doudno
1167 4235 1223 4283 suo
1238 4216 1304 4283 fore
1318 4215 1491 4298 gaudeant,
1527 4206 1530 4211 ’

161 4328 256 4409 atquc
289 4320 356 4386 ούδέ
389 4321 474 4408 αῦτη,
499 4324 655 4409 ἱῐιηυί1,ἥ
690 4348 722 4386 τε
751 4322 849 4408 ἀηδὼν
873 4325 922 4387 καὶ
945 4325 1072 4410 χελιδὼν
1096 4323 1182 4386 καὶὸ
1206 4323 1290 4409 ἔποψ,
1316 4320 1334 4386 ἃ
1358 4319 1394 4406 δή
1420 4342 1495 4405 φασι

162 4432 210 4496 διὰ
233 4430 329 4516 λύπην
353 4430 517 4516 θρηνοῦντα
541 4433 631 4516 ᾄδειν·
656 4429 728 4495 ἀλλ’
751 4433 816 4495 οὔτε
839 4429 930 4497 ταῦτα’
964 4456 1012 4515 μοι
1044 4429 1177 4517 φαίνεται
1209 4428 1378 4514 λυπούμενα
1411 4427 1494 4509 ᾄδειν
1536 4422 1539 4429 ’

163 4562 229 4605 eote
253 4564 279 4605 01
303 4562 412 4607 11011101.
